% This file was created with JabRef 2.10.
% Encoding: MacRoman


@Book{Bagchee1998,
  Title                    = {N\={a}d understanding raga music},
  Author                   = {Bagchee, S.},
  Publisher                = {Business Publications Inc},
  Year                     = {1998},

  Pages                    = {376}
}

@Article{BoersmaPaul2001,
  Title                    = {PRAAT, a system for doing phonetics by computer},
  Author                   = {Boersma, P. and Weenink, D.},
  Journal                  = {Glot International},
  Year                     = {2001},
  Number                   = {9/10},
  Pages                    = {341--345},
  Volume                   = {5}
}


@Article{Cambouropoulos2006,
  Title                    = {{Musical parallelism and melodic segmentation: a computational approach}},
  Author                   = {Cambouropoulos, E.},
  Journal                  = {Music Perception},
  Year                     = {2006},
  Number                   = {3},
  Pages                    = {249--268},
  Volume                   = {23}
}

@Book{Cook1987,
  Title                    = {{A guide to musical analysis}},
  Author                   = {Cook, Nicholas},
  Publisher                = {J.M. Dent and Sons},
  Year                     = {1987},

  Address                  = {London, UK}
}

@Book{Danielou2010,
  Title                    = {{The ragas of Northern {{I}}ndian music}},
  Author                   = {Danielou, A.},
  Publisher                = {Munshiram Manoharlal Publishers},
  Year                     = {2010},

  Address                  = {New Delhi},

  Pages                    = {403}
}

@Article{dannenberg2003pattern,
  Title                    = {Pattern discovery techniques for music audio},
  Author                   = {Dannenberg, Roger B and Hu, Ning},
  Journal                  = {Journal of New Music Research},
  Year                     = {2003},
  Number                   = {2},
  Pages                    = {153--163},
  Volume                   = {32},

  Publisher                = {Taylor \& Francis}
}

@Article{Datta2007,
  Title                    = {A methodology for automatic extraction of ‘Meend’ from the performances in {H}industani vocal music},
  Author                   = {Datta, A.~K. and Sengupta, R. and Dey, N. and Nag, D.},
  Journal                  = {{Journal of ITC Sangeet Research Academy}},
  Year                     = {2007},
  Pages                    = {24--31},
  Volume                   = {21}
}

@Article{DeCheveigne2002,
  Title                    = {YIN, a fundamental frequency estimator for speech and music},
  Author                   = {De Cheveign{\'e}, A. and Kawahara, H.},
  Journal                  = {The Journal of the Acoustical Society of America},
  Year                     = {2002},
  Number                   = {4},
  Pages                    = {1917--1930},
  Volume                   = {111}
}

@Book{Dey2008,
  Title                    = {{Ny\={a}sa in r\={a}ga: the pleasant pause in {H}industani music}},
  Author                   = {Dey, A.~K.},
  Publisher                = {Kanishka Publishers, Distributors},
  Year                     = {2008},

  Pages                    = {250}
}

@Article{KKG_SS13,
  Title                    = {How do we `See' \& `Say' a raga: a perspective canvas},
  Author                   = {Ganguli, K.~K.},
  Journal                  = {Samakalika Sangeetham},
  Year                     = {2013},
  Number                   = {2},
  Pages                    = {112-119},
  Volume                   = {4}
}

@Article{Goto06TASLP,
  Title                    = {{A chorus section detection method for musical audio signals and its application to a music listening station}},
  Author                   = {Goto, M.},
  Journal                  = {IEEE Trans. on Audio, Speech and Language Processing},
  Year                     = {2006},
  Number                   = {5},
  Pages                    = {1783--1794},
  Volume                   = {14}
}



@Book{Hastie09BOOK,
  Title                    = {{The elements of statistical learning}},
  Author                   = {Hastie, T. and Tibshirani, R. and Friedman, J.},
  Publisher                = {Springer},
  Year                     = {2009},

  Address                  = {Berlin, Germany},
  Edition                  = {2nd}
}

@Article{holm1979simple,
  Title                    = {A simple sequentially rejective multiple test procedure},
  Author                   = {Holm, S.},
  Journal                  = {Scandinavian journal of statistics},
  Year                     = {1979},
  Pages                    = {65--70},
  Number                   = {2},
  Volume                   = {6},
  Publisher                = {JSTOR}
}

@InProceedings{Ishwar2013,
  Title                    = {Motif spotting in an {A}lapana in {C}arnatic music},
  Author                   = {Ishwar, V. and Dutta, S. and Bellur, A. and Murthy, H.},
  Booktitle                = {{Proc. of Int. Conf. on Music Information Retrieval (ISMIR)}},
  Year                     = {2013},
  Pages                    = {499--504}
}

@InProceedings{Janssen2013,
  Title                    = {{Discovering repeated patterns in music: state of knowledge, challenges, perspectives}},
  Author                   = {Janssen, Berit and Haas, W Bas De and Volk, Anja and Kranenburg, Peter Van},
  Booktitle                = {Proc. of the 10th International Symposium on Computer Music Multidisciplinary Research},
  Year                     = {2013},
  Pages                    = {225--240},
  Address                  = {Marseille}
}

@Article{Keogh2004a,
  Title                    = {Segmenting time series: A survey and novel approach},
  Author                   = {Keogh, E. and Chu, S. and Hart, D. and Pazzani, M.},
  Journal                  = {Data Mining in Time Series Databases},
  Year                     = {2004},
  Pages                    = {1--22},
  Volume                   = {57},

  Publisher                = {World Scientific Publishing}
}

@Article{keogh2004segmenting,
  Title                    = {Segmenting time series: A survey and novel approach},
  Author                   = {Keogh, E. and Chu, S. and Hart, D. and Pazzani, M.},
  Journal                  = {Data Mining in Time Series Databases},
  Year                     = {2004},
  Pages                    = {1--22},
  Volume                   = {57},

  Publisher                = {World Scientific Publishing}
}

@Article{Keogh2004,
  Title                    = {{Exact indexing of dynamic time warping}},
  Author                   = {Keogh, Eamonn and Ratanamahatana, Chotirat Ann},
  Journal                  = {Knowledge and Information Systems},
  Year                     = {2004},

  Month                    = may,
  Number                   = {3},
  Pages                    = {358--386},
  Volume                   = {7}
}

@Article{Lartillot2005,
  Title                    = {{Multi-dimensional motivic pattern extraction founded on adaptive redundancy filtering}},
  Author                   = {Lartillot, O.},
  Journal                  = {Journal of New Music Research},
  Year                     = {2005},
  Number                   = {4},
  Pages                    = {375--393},
  Volume                   = {34}
}

@Book{Lerdahl1983,
  Title                    = {{A generative theory of tonal music}},
  Author                   = {Lerdahl, F. and Jackendoff, R.},
  Publisher                = {MIT Press},
  Year                     = {1983},

  Address                  = {Cambridge},

  Pages                    = {369}
}

@Article{Levy08TASLP,
  Title                    = {{Structural segmentation of musical audio by constrained clustering}},
  Author                   = {Levy, M. and Sandler, M.},
  Journal                  = {IEEE Trans. on Audio, Speech and Language Processing},
  Year                     = {2008},
  Number                   = {2},
  Pages                    = {318--326},
  Volume                   = {16},

  File                     = {:home/jserra/references/2008/Levy, Sandler - 2008 - Structural segmentation of musical audio by constrained clustering.pdf:pdf},
  Publisher                = {IEEE}
}

@Article{levy2008structural,
  Title                    = {Structural segmentation of musical audio by constrained clustering},
  Author                   = {Levy, M. and Sandler, M.},
  Journal                  = {IEEE Transactions on Audio, Speech, and Language Processing},
  Year                     = {2008},
  Number                   = {2},
  Pages                    = {318--326},
  Volume                   = {16},

  Publisher                = {IEEE}
}

@InProceedings{Lin2003,
  Title                    = {{A symbolic representation of time series, with implications for streaming algorithms}},
  Author                   = {Lin, J. and Keogh, E. and Lonardi, S. and Chiu, B.},
  Booktitle                = {Proc. of the 8th ACM SIGMOD workshop on Research issues in data mining and knowledge discovery},
  Year                     = {2003},

  Address                  = {New York, USA},
  Pages                    = {2--11}
}

@Article{mann1947test,
  Title                    = {On a test of whether one of two random variables is stochastically larger than the other},
  Author                   = {Mann, H.~B. and Whitney, D.~R.},
  Journal                  = {The annals of mathematical statistics},
  Year                     = {1947},
  Number                   = {1},
  Pages                    = {50--60},
  Volume                   = {18},

  Publisher                = {Institute of Mathematical Statistics}
}

@InProceedings{Mueen2009,
  Title                    = {{Exact discovery of time series motifs}},
  Author                   = {Mueen, Abdullah and Keogh, Eamonn and Zhu, Q. and Cash, Sydney and Westover, Brandon},
  Booktitle                = {Proc. of SIAM Int. Con. on Data Mining (SDM)},
  Year                     = {2009},
  Pages                    = {1--12}
}

@Article{scikitlearn,
  Title                    = {Scikit-learn: machine Learning in {P}ython},
  Author                   = {Pedregosa, F. and Varoquaux, G. and Gramfort, A. and Michel, V.
 and Thirion, B. and Grisel, O. and Blondel, M. and Prettenhofer, P.
 and Weiss, R. and Dubourg, V. and Vanderplas, J. and Passos, A. and
 Cournapeau, D. and Brucher, M. and Perrot, M. and Duchesnay, E.},
  Journal                  = {Journal of Machine Learning Research},
  Year                     = {2011},
  Pages                    = {2825--2830},
  Volume                   = {12}
}

@MastersThesis{Pratyush2010,
  Title                    = {Analysis and classification of ornaments in {N}orth {I}ndian ({H}industani) classical music},
  Author                   = {Pratyush},
  School                   = {{Music Technology Group, Universitat Pompeu Fabra, Barcelona, Spain}},
  Year                     = {2010},
  Type                     = {Master's thesis}
}

@Article{Rakthanmanon2012,
  Title                    = {{Searching and mining trillions of time series subsequences under dynamic time warping}},
  Author                   = {Rakthanmanon, T. and Campana, B. and Mueen, A. and Batista, G. and Westover, B. and Zhu, Q. and Zakaria, J. and Keogh, E.},
  Journal                  = {Proc. of the 18th ACM SIGKDD Int. Conf. on Knowledge discovery and data mining (KDD)},
  Year                     = {2012},
  Pages                    = {262--270},

  Address                  = {New York, USA}
}

@article{Rakthanmanon2013,
 author = {Rakthanmanon, T. and Campana, B. and Mueen, A. and Batista, G. and Westover, B. and Zhu, Q. and Zakaria, J. and Keogh, E.},
 title = {{Addressing big data time series: mining trillions of time series subsequences under dynamic time warping}},
 journal = {ACM Transactions on Knowledge Discovery from Data (TKDD)},
 issue_date = {September 2013},
 volume = {7},
 number = {3},
 month = sep,
 year = {2013},
 issn = {1556-4681},
 pages = {10:1--10:31},
 articleno = {10},
 numpages = {31},
 url = {http://doi.acm.org/10.1145/2500489},
 doi = {10.1145/2500489},
 acmid = {2500489},
 publisher = {ACM},
 address = {New York, NY, USA},
 keywords = {Time series, lower bounds, similarity search}
} 

@Article{Rao2014,
  Title                    = {{Classification of melodic motifs in raga music with time-series matching}},
  Author                   = {Rao, P. and Ross, J.~C. and Ganguli, K.~K. and Pandit, V. and Ishwar, V. and Bellur, A. and Murthy, H.~A.},
  Journal                  = {Journal of New Music Research},
  Year                     = {2014},
  Number                   = {1},
  Pages                    = {115--131},
  Volume                   = {43}
}

@InCollection{GroveCadence,
  Title                    = {{Cadence}},
  Author                   = { Rockstro, W.~S. and Dyson, G. and Drabkin, W. and Powers, H.~S. and Rushton, J.},
  Booktitle                = {{Grove music online}},
  Publisher                = {Oxford University Press},
  Year                     = {2001},
  Editor                   = {Macy, L.}
}

@InProceedings{Ross2012,
  Title                    = {Detection Of raga-characteristic phrases From {H}industani classical music audio},
  Author                   = {Ross, J.~C. and Rao, P.},
  Booktitle                = {{Proc. of 2nd CompMusic Workshop}},
  Year                     = {2012},
  Pages                    = {133--138}
}

@InProceedings{Ross2012b,
  Title                    = {Detecting melodic motifs from audio for {H}industani classical music},
  Author                   = {Ross, J.~C. and Vinutha, T.~P. and Rao, P.},
  Booktitle                = {{Proc. of Int. Conf. on Music Information Retrieval (ISMIR)}},
  Year                     = {2012},
  Pages                    = {193--198}
}

@Article{Sakoe78TASLP,
  Title                    = {{Dynamic programming algorithm optimization for spoken word recognition}},
  Author                   = {Sakoe, H. and Chiba, S.},
  Journal                  = {IEEE Trans. on Acoustics, Speech, and Language Processing},
  Year                     = {1978},
  Number                   = {1},
  Pages                    = {43--50},
  Volume                   = {26}
}

@Article{Salamon2012,
  Title                    = {{Melody extraction from polyphonic music signals using pitch contour characteristics}},
  Author                   = {Salamon, J. and G\'omez, E.},
  Journal                  = {IEEE Transactions on Audio, Speech, and Language Processing},
  Year                     = {2012},
  Number                   = {6},
  Pages                    = {1759--1770},
  Volume                   = {20},
  Publisher                = {IEEE}
}

@Book{sambamoorthy:1998,
  Title                    = {{South {I}ndian music vol. I-VI}},
  Author                   = {Sambamoorthy, P.},
  Publisher                = {{The Indian Music Publishing House}},
  Year                     = {1998}
}

@Article{Serra2014,
  Title                    = {{Unsupervised music structure annotation by time series structure features and segment similarity}},
  Author                   = {Serr\`{a}, Joan and Muller, Meinard and Grosche, Peter and Arcos, Josep},
  Journal                  = {IEEE Transactions on Multimedia},
  Year                     = {2014},
  Number                   = {5},
  Pages                    = {1229--1240},
  Volume                   = {16},

}

@inproceedings{collins2014bridging,
  title={Bridging the Audio-Symbolic Gap: The Discovery of Repeated Note Content Directly from Polyphonic Music Audio},
  author={Collins, T. and B{\"o}ck, S. and Krebs, F. and Widmer, G.},
  booktitle={Audio Engineering Society Conference: 53rd International Conference: Semantic Audio},
  year={2014},
  organization={Audio Engineering Society}
}

@InProceedings{XavierSerra2011,
  Title                    = {A multicultural approach to music information research},
  Author                   = {Serra, X.},
  Booktitle                = {{Proc. of Int. Conf. on Music Information Retrieval (ISMIR)}},
  Year                     = {2011},
  Pages                    = {151--156}
}

@Article{Shetty2009,
  Title                    = {Raga mining of {I}ndian Music by extracting arohana-avarohana pattern},
  Author                   = {Shetty, S. and Achary, K.~K.},
  Journal                  = {Int. Journal of Recent Trends in Engineering},
  Year                     = {2009},
  Number                   = {1},
  pages			={362--366},
  Volume                   = {1}
}

@Book{Viswanathan2004,
  Title                    = {Music in {S}outh {I}ndia},
  Author                   = {Viswanathan, T. and Allen, M.~H.},
  Publisher                = {Oxford University Press},
  Year                     = {2004}
}

@Conference{serra:14:corpus,
 Title                    = {Creating research corpora for the computational study of music: the case of the {C}ompMusic project},
 Author                   = {Serra, Xavier},
 Booktitle                = {Proc. of the 53rd AES Int. Conf. on Semantic Audio},
 Year                     = {2014},
 Address                  = {London}
}

@article{Atallah1999,
author = {Atallah, M. and Genin, Y. and Szpankowski, W.},
doi = {10.1109/34.777372},
issn = {01628828},
journal = {IEEE Transactions on Pattern Analysis and Machine Intelligence},
month = jul,
number = {7},
pages = {614--627},
title = {{Pattern matching image compression: algorithmic and empirical results}},
volume = {21},
year = {1999}
}

@inproceedings{van2010texton,
  title={Texton-based analysis of paintings},
  author={Van der Maaten, Laurens JP and Postma, Eric O},
  booktitle={SPIE Optical Engineering+ Applications},
  pages={77980H--77980H},
  year={2010},
  organization={Int. Soc. for Optics and Photonics}
}

@article{Herley2006,
author = {Herley, Cormac},
journal = {IEEE Transactions on Multimedia},
month = feb,
number = {1},
pages = {115--129},
title = {{ARGOS: automatically extracting repeating objects from multimedia streams}},
volume = {8},
year = {2006}
}

@article{Buhler2002b,
author = {Buhler, Jeremy and Tompa, Martin},
journal = {Journal of computational biology: a journal of computational molecular cell biology},
month = jan,
number = {2},
pages = {225--42},
title = {{Finding motifs using random projections.}},
volume = {9},
year = {2002}
}

@article{Zhu2003,
address = {New York, New York, USA},
author = {Zhu, Yunyue and Shasha, Dennis},
journal = {In proc. of the ACM SIGMOD Int. Conf. on on Management of data},
pages = {181},
title = {{Warping indexes with envelope transforms for query by humming}},
year = {2003}
}


@book{manning2008introduction,
  title={Introduction to information retrieval},
  author={Manning, C.~D. and Raghavan, P. and Sch{\"u}tze, H.},
  volume={1},
  year={2008},
  publisher={Cambridge university press Cambridge}
}



@conference {Dunya2013,
	title = {Dunya: A System for Browsing Audio Music Collections Exploiting Cultural Context},
	booktitle = {14th Int. Soc. for Music Information Retrieval Conf. (ISMIR 2013)},
	year = {2013},
	pages = {101-106},
	address = {Curitiba, Brazil},
	author = {Porter, A. and Sordo, M. and Serra, Xavier}
}

@article{wilcoxon1945individual,
  title={Individual comparisons by ranking methods},
  author={Wilcoxon, F.},
  journal={Biometrics bulletin},
  pages={80--83},
  year={1945},
  publisher={JSTOR}
}

@article{salamon2013tonal,
  title={Tonal representations for music retrieval: from version identification to query-by-humming},
  author={Salamon, J. and Serr{\`a}, J. and G{\'o}mez, E.},
  journal={International Journal of Multimedia Information Retrieval},
  volume={2},
  number={1},
  pages={45--58},
  year={2013},
  publisher={Springer}
}
@article {RBDannenberg2007QBH,
author = {Dannenberg, R.~B. and Birmingham, W.~P. and Pardo, B. and Hu, N. and Meek, C. and Tzanetakis, G.},
title = {A comparative evaluation of search techniques for query-by-humming using the MUSART testbed},
journal = {Journal of the American Soc. for Information Science and Technology},
volume = {58},
number = {5},
publisher = {Wiley Subscription Services, Inc., A Wiley Company},
issn = {1532-2890},
pages = {687--701},
year = {2007},
}
@book{hewlett1998melodic,
  title={Melodic similarity: Concepts, procedures, and applications},
  author={Hewlett, W.~B. and Selfridge-Field, E.},
  volume={11},
  year={1998},
  publisher={The MIT Press}
}

@inproceedings{kotsifakos2012survey,
  title={A survey of query-by-humming similarity methods},
  author={Kotsifakos, A. and Papapetrou, P. and Hollm{\'e}n, J. and Gunopulos, D. and Athitsos, V.},
  booktitle={Proc. of the 5th Int. Conf. on Pervasive Tech. Related to Assistive Environments},
  year={2012},
  organization={ACM}
}
@inproceedings{ghias1995query,
  title={Query by humming: musical information retrieval in an audio database},
  author={Ghias, A. and Logan, J. and Chamberlin, D. and Smith, B.~C.},
  booktitle={Proc. of the third ACM Int. Conf. on Multimedia},
  pages={231--236},
  year={1995},
  organization={ACM}
}

@inproceedings{ryynanen2008query,
  title={Query by humming of midi and audio using locality sensitive hashing},
  author={Ryynanen, M. and Klapuri, A.},
  booktitle={Proc. of IEEE Int. Conf. on Acoustics, Speech and Signal Processing.},
  pages={2249--2252},
  year={2008},
  organization={IEEE}
}

@inproceedings{Ratanamahatana2004,
author = {Ratanamahatana, C.~A. and Keogh, E.},
booktitle = {Third Workshop on Mining Temporal and Sequential Data},
keywords = {data mining,dynamic time warping,experimentation},
pages = {22--25},
title = {{Everything you know about dynamic time warping is wrong}},
year = {2004}
}

@article{rao2010vocal,
  title={Vocal melody extraction in the presence of pitched accompaniment in polyphonic music},
  author={Rao, V. and Rao, P.},
  journal={IEEE Transactions on Audio, Speech, and Language Processing},
  volume={18},
  number={8},
  pages={2145--2154},
  year={2010},
  publisher={IEEE}
}
@inproceedings{rao2009applications,
	title={Applications of a semiautomatic melody extraction interface for {I}ndian music},
	author={Rao, V. and Pant, S. and Bhaskar, M. and Rao, P.},
	booktitle={International Symposium on Frontiers of Research in Speech and Music (FRSM)},
	year={2009}
}
@inproceedings{zhu2003warping,
  title={Warping indexes with envelope transforms for query by humming},
  author={Zhu, Y. and Shasha, D.},
  booktitle={Proceedings of the 2003 ACM SIGMOD international conference on Management of data},
  pages={181--192},
  year={2003},
  organization={ACM}
}

@book{muller2007information,
  title={Information retrieval for music and motion},
  author={M{\"u}ller, M.},
  volume={2},
  year={2007},
  publisher={Springer}
}

@article{Suvarnalata2014,
author = {Rao, S. and Rao, P.},
title = {An Overview of {{H}}industani Music in the Context of Computational Musicology},
journal = {Journal of New Music Research},
volume = {43},
number = {1},
pages = {24-33},
year = {2014}
}

@inproceedings{rao2012culture,
  title={Culture Specific Music Information Processing: A Perspective From {{H}}industani Music},
  author={Rao, S.},
  booktitle={2nd Comp-Music Workshop},
  pages={5--11},
  year={2012}
}




@article{fu2008scaling,
  title={Scaling and time warping in time series querying},
  author={Fu, A.~W.~C and Keogh, E. and Lau, L.~Y. and Ratanamahatana, C.~A.and Wong, R. C.~W.},
  journal={The VLDB Journal—The International Journal on Very Large Data Bases},
  volume={17},
  number={4},
  pages={899--921},
  year={2008},
  publisher={Springer-Verlag New York, Inc.}
}
@inproceedings{batista2011complexity,
  title={A Complexity-Invariant Distance Measure for Time Series.},
  author={Batista, G.~E. and Wang, X. and Keogh, E.~J},
  booktitle={SDM},
  volume={11},
  pages={699--710},
  year={2011}
}
@inproceedings{ishwar2012motivic,
  title={Motivic analysis and its relevance to raga identification in {{C}}arnatic music},
  author={Ishwar, V. and Bellur, A. and Murthy, H.~A.},
  booktitle={Proceedings of the 2nd CompMusic Workshop},
  year={2012},
  pages = {153--157},
  place = {Istanbul, Turkey},
  organization={Citeseer}
}

@article{lin2011music,
  title={Music Matching Based on Rough Longest Common Subsequence.},
  author={Lin, H.~J and Wu, H.~H. and Wang, C.~W.},
  journal={J. Inf. Sci. Eng.},
  volume={27},
  number={1},
  pages={95--110},
  year={2011}
}


@book{typke2007music,
  title={Music retrieval based on melodic similarity},
  author={Typke, Rainer},
  year={2007}
}


@article{Marsden2012,
author = {Marsden, A.},
journal = {Journal of New Music Research},
mendeley-groups = {‎PhD Research/Pattern Processing/SheetMusic},
number = {4},
pages = {323--335},
title = {{Interrogating Melodic Similarity: A Definitive Phenomenon or the Product of Interpretation?}},
volume = {41},
year = {2012}
}

@inproceedings{Juhasz2009a,
author = {Juh\'{a}sz, Z.},
booktitle = {Int. Soc. for Music Information Retrieval},
pages = {171--176},
title = {{Motive identification in 22 folksong corpora using dynamic time warping and self organizing maps}},
year = {2009}
}

@article{Conklin2010a,
author = {Conklin, D. and Anagnostopoulou, C.},
journal = {Journal of New Music Research},
number = {2},
pages = {119--125},
publisher = {ACM Press},
title = {{Comparative Pattern Analysis of Cretan Folk Songs}},
volume = {40},
year = {2010}
}

@article{Hsu2001a,
author = {Hsu, J.~L. and Liu, C.~C. and Chen, A.~L.~P.},
journal = {IEEE Transactions on Multimedia},
number = {3},
pages = {311--325},
publisher = {IEEE},
title = {{Discovering Nontrivial Repeating Patterns in Music Data}},
volume = {3},
year = {2001}
}


@article{Knopke2009,
author = {Knopke, I. and J\"{u}rgensen, F.},
journal = {Journal of New Music Research},
number = {2},
pages = {171--181},
title = {{A System for Identifying Common Melodic Phrases in the Masses of Palestrina}},
volume = {38},
year = {2009}
}

@article{Lartillot2006,
author = {Lartillot, O. and Ayari, M.},
journal = {South African Computer Journal},
pages = {16--28},
title = {{Motivic pattern extraction in music, and application to the study of Tunisian modal music}},
volume = {36},
year = {2006}
}

@article{Serrano09PNAS,
author = {Serrano, M.~A. and Bogu\~{n}\'{a}, M. and Vespignani, A.},
journal = {in Proc. of the National Academy of Sciences of the USA},
number = {16},
pages = {6483--6488},
title = {{Extracting the multiscale backbone of complex weighted networks}},
volume = {106},
year = {2009}
}
@inproceedings{Dutta2014,
author = {Dutta, S. and Murthy, H.~A.},
booktitle = {Int. Soc. for Music Information Retrieval (ISMIR)},
pages = {397--402},
title = {{Discovering typical motifs of a raga from one-liners of songs in {{C}}arnatic music}},
year = {2014},
address = {Taipei, Taiwan}
}

@article{blondel2008fast,
  title={Fast unfolding of communities in large networks},
  author={Blondel, V.~D. and Guillaume, J.~L. and Lambiotte, R. and Lefebvre, E.},
  journal={Journal of Statistical Mechanics: Theory and Experiment},
  volume={2008},
  number={10},
  pages={P10008},
  year={2008},
}

@article{fortunato2010community,
  title={Community detection in graphs},
  author={Fortunato, S},
  journal={Physics Reports},
  volume={486},
  number={3},
  pages={75--174},
  year={2010},
  publisher={Elsevier}
}

@inproceedings{hagberg-2008-exploring,
author = {Hagberg, A.~A.  and Schult, D.~A.  and Swart, P.~J. },
title = {Exploring network structure, dynamics, and function using {NetworkX}},
year = {2008},
month = Aug,
booktitle = {In Proc. of the 7th Python in Science Conf. },
address = {Pasadena, CA USA},
pages = {11--15}
}

@inproceedings{Porter2014,
 author = {Porter, A. and Serra, X.},
 title = {An Analysis and Storage System for Music Research Datasets},
 booktitle = {Proc. of the 1st Int. Workshop on Digital Libraries for Musicology},
 series = {DLfM '14},
 year = {2014},
 location = {London, United Kingdom},
 pages = {1--3}
} 

@inproceedings{krishna2012carnatic,
  title={Kar\d{n}\={a}\d{t}ic music: Svara, gamaka, motif and r\={a}ga identity},
  author={Krishna, T.~M. and Ishwar, V.},
  booktitle={Proc. of the 2nd CompMusic Workshop},
  year={2012},
  location = {Istanbul, Turkey},
  pages = {12--18}
}

@article{maslov2002specificity,
  title={Specificity and stability in topology of protein networks},
  author={Maslov, S. and Sneppen, K.},
  journal={Science},
  volume={296},
  number={5569},
  pages={910--913},
  year={2002},
  publisher={American Association for the Advancement of Science}
}

@article{newman2003structure,
  title={The structure and function of complex networks},
  author={Newman, M.~EJ},
  journal={Society for Industrial and Applied Mathematics (SIAM) review},
  volume={45},
  number={2},
  pages={167--256},
  year={2003},
  publisher={SIAM}
}


@conference {shrey_ISMIR_2015,
	title = {Raga verification in {{C}}arnatic music using longest common segment set},
	booktitle = {Int. Soc. for Music Information Retrieval Conf. (ISMIR)},
	year = {2015},
	pages = {605--611},
	author = {Dutta, S. and Krishnaraj, S.~PV and Murthy, H.~A. },
	address = {M{\'a}laga, Spain}
}



@article{leopold2002text,
  title={Text categorization with support vector machines. How to represent texts in input space?},
  author={Leopold, E and Kindermann, J},
  journal={Machine Learning},
  volume={46},
  number={1-3},
  pages={423--444},
  year={2002}
}
@article{chordia2013joint,
  title={Joint recognition of raag and tonic in north {{I}}ndian music},
  author={Chordia, P. and {\c{S}}ent{\"u}rk, S.},
  journal={Computer Music Journal},
  volume={37},
  number={3},
  pages={82--98},
  year={2013}
}

@article{koduri2014intonation,
  title={Intonation Analysis of R{\=a}gas in {{C}}arnatic Music},
  author={Koduri, G.~K. and Ishwar, V. and Serr{\`a}, J. and Serra, X.},
  journal={Journal of New Music Research},
  volume={43},
  number={1},
  pages={72--93},
  year={2014}
}

@article{sridhar2009raga,
  title={Raga identification of {{C}}arnatic music for music information retrieval},
  author={Sridhar, R. and Geetha, T.~V.},
  journal={International Journal of Recent Trends in Engineering},
  volume={1},
  number={1},
  pages={571--574},
  year={2009}
}
@article{shetty2009raga,
  title={Raga mining of {{I}}ndian music by extracting arohana-avarohana pattern},
  author={Shetty, S. and Achary, K.~K.},
  journal={Int. Journal of Recent Trends in Engineering},
  volume={1},
  number={1},
  pages={362--366},
  year={2009}
}


@inproceedings{dutta2014modified,
  title={A modified rough longest common subsequence algorithm for motif spotting in an alapana of {C}arnatic music},
  author={Dutta, S. and Murthy, H.~A.},
  booktitle={Twentieth National Conference on Communications (NCC)},
  pages={1--6},
  year={2014}
}

@inproceedings{rajkumar2011identification,
  title={Identification of {{C}}arnatic raagas using hidden markov models},
  author={Rajkumar, P.~V. and Saishankar, K.~P. and John, M.},
  booktitle={IEEE 9th Int. Symposium on Applied Machine Intelligence and Informatics (SAMI) },
  pages={107--110},
  year={2011}
}
@article{belle2009raga,
  title={Raga identification by using swara intonation},
  author={Belle, S. and Joshi, R. and Rao, P.},
  journal={Journal of ITC Sangeet Research Academy},
  volume={23},
  year={2009}
}

@inproceedings{pandey2003tansen,
  title={TANSEN: A System for Automatic Raga Identification},
  author={Pandey, G. and Mishra, C. and Ipe, P.},
  booktitle={In Proc. of the 1st {{I}}ndian Int. Conf. on Artificial Intelligence},
  pages={1350--1363},
  year={2003}
}
@inproceedings{chordia2007raag,
  title={Raag Recognition Using Pitch-Class and Pitch-Class Dyad Distributions.},
  author={Chordia, P. and Rae, A.},
  booktitle={In Proc. of Int. Soc. for Music Information Retrieval Conf.},
  pages={431--436},
  year={2007}
}
@inproceedings{dighe2013scale,
  title={Scale independent raga identification using chromagram patterns and swara based features},
  author={Dighe, P. and Agrawal, P. and Karnick, H. and Thota, S. and Raj, B.},
  booktitle={IEEE Int. Conf. on Multimedia and Expo Workshops (ICMEW)},
  pages={1--4},
  year={2013}
}

@inproceedings{dighe2013swara,
  title={Swara Histogram Based Structural Analysis And Identification Of {{I}}ndian Classical Ragas.},
  author={Dighe, P. and Karnick, H. and Raj, B.},
  booktitle={In Proc. of Int. Soc. for Music Information Retrieval Conf. (ISMIR)},
  pages={35--40},
  year={2013}
}


@inproceedings{ranjani2011carnatic,
  title={{{C}}arnatic music analysis: Shadja, swara identification and rAga verification in AlApana using stochastic models},
  author={Ranjani, H.~G. and Arthi, S. and Sreenivas, T.~V.},
  booktitle={IEEE Workshop on applications of Signal Processing to Audio and Acoustics (WASPAA)},
  pages={29--32},
  year={2011}
}

@inproceedings{mccallum1998comparison,
  title={A comparison of event models for naive bayes text classification},
  author={McCallum, A. and Nigam, K.},
  booktitle={AAAI Workshop on learning for text categorization},
  volume={752},
  pages={41--48},
  year={1998}
}

@book{ganti2013bollywood,
	title={Bollywood: a guidebook to popular Hindi cinema},
	author={Ganti, T.},
	year={2013},
	publisher={Routledge}
}




@book{Kantz04BOOK,
	address = {Cambridge, UK},
	author = {Kantz, H. and Schreiber, T.},
	publisher = {Cambridge University Press},
	title = {{Nonlinear time series analysis}},
	year = {2004}
}

@book{Hollander99BOOK,
	address = {New York, USA},
	author = {Hollander, M. and Wolfe, D. A.},
	edition = {2nd},
	publisher = {Wiley},
	title = {{Nonparametric statistical methods}},
	year = {1999}
}

@book{Mitchell97BOOK,
	address = {New York, USA},
	author = {Mitchell, T. M.},
	publisher = {McGraw-Hill},
	title = {{Machine Learning}},
	year = {1997}
}
@article{takens1981detecting,
	title={Detecting strange attractors in turbulence},
	author={Takens, F.},
	journal={Dynamical Systems and Turbulence, Warwick 1980},
	pages={366--381},
	year={1981},
	publisher={Springer}
}

@inproceedings{ganguli2015efficient,
	title={Efficient Melodic Query Based Audio Search for {{H}}industani Vocal Compositions},
	author={Ganguli, K.~K. and Rastogi, A. and Pandit, V. and Kantan, P. and Rao, P.},
	booktitle={In Proc. of Int. Soc. for Music Information Retrieval Conf. (ISMIR)},
	year={2015},
	pages = {591--597},
	address={Malaga, Spain}
}

@book{rao1999raga,
	title={The raga guide: a survey of 74 {{H}}industani ragas},
	author={Rao, S. and Bor, J. and van der Meer, W. and Harvey, J.},
	year={1999},
	publisher={Nimbus Records with Rotterdam Conservatory of Music}
}

@article{mcnemar1947note,
	title={Note on the sampling error of the difference between correlated proportions or percentages},
	author={McNemar, Q.},
	journal={Psychometrika},
	volume={12},
	number={2},
	pages={153--157},
	year={1947},
	publisher={Springer}
}


@inproceedings{bellur2012knowledge,
	title={A knowledge based signal processing approach to tonic identification in {I}ndian classical music},
	author={Bellur, A. and Ishwar, V. and Serra, X. and Murthy, H.~A.},
	booktitle={2nd CompMusic Workshop},
	year={2012},
	pages = {113--118},
	organization={Universitat Pompeu Fabra}
}

@techreport{macmullen2003requirements,
	title={Requirements definition and design criteria for test corpora in information science},
	author={MacMullen, W.~J.},
	institution={School of Information and Library Science, University of North Carolina at Chapel Hill},
	year={2003}
}

@INPROCEEDINGS{Bertin-Mahieux2011,
	author = {Bertin-Mahieux, T. and Ellis, D.~P. and Whitman, B. and Lamere, P.},
	title = {The Million Song Dataset},
	booktitle = {Int. Soc. for Music Information Retrieval Conf. (ISMIR)},
	year = {2011},
	pages = {591--596}
}

@article{serra2012measuring,
	title={Measuring the evolution of contemporary western popular music},
	author={Serr{\`a}, J. and Corral, A. and Bogu{\~n}{\'a}, M. and Haro, M. and Arcos, J.~Ll},
	journal={Scientific reports},
	volume={2},
	pages = {521},
	year={2012},
	publisher={Nature Publishing Group}
}

@inproceedings{sturm2012survey,
	title={A survey of evaluation in music genre recognition},
	author={Sturm, B.~L.},
	booktitle={International Workshop on Adaptive Multimedia Retrieval},
	pages={29--66},
	year={2012},
	organization={Springer}
}

@inproceedings{porter2015acousticbrainz,
	title={Acousticbrainz: a community platform for gathering music information obtained from audio},
	author={Porter, A. and Bogdanov, D. and Kaye, R. and Tsukanov, R. and Serra, X.},
	booktitle={Int. Soc. for Music Information Retrieval Conf. (ISMIR)},
	pages = {786--792},
	year={2015}
}

@article{kroher2016corpus,
	title={Corpus COFLA: A research corpus for the Computational study of Flamenco Music},
	author={Kroher, N. and D{\'\i}az-B{\'a}{\~n}ez, J.~M. and Mora, J. and G{\'o}mez, E.},
	journal={Journal on Computing and Cultural Heritage (JOCCH)},
	volume={9},
	number={2},
	articleno = {10},
	numpages = {21},
	year={2016},
	publisher={ACM}
}

@inproceedings{peeters2012towards,
	title={Towards a (Better) Definition of the Description of Annotated {MIR} Corpora.},
	author={Peeters, G. and Fort, K.},
	booktitle={Int. Soc. for Music Information Retrieval Conf. (ISMIR)},
	pages={25--30},
	year={2012}
}

@inproceedings{Humphrey:JAMS:ISMIR:14,
	Address = {Taipei, Taiwan},
	Author = {Humphrey, E. J. and Salamon, J. and Nieto, O. and Forsyth, J. and Bittner, R. and Bello, J. P.},
	Booktitle = {Int. Soc. for Music Info. Retrieval Conf.},
	Pages = {591--596},
	Title = {{JAMS}: A {JSON} Annotated Music Specification for Reproducible {MIR} Research},
	Year = {2014}}


@Book{TKG_Rao_Tyagaraja,
	Title                    = {{Compositions of Tyagaraja}},
	Author                   = {Rao, T.~K.~G.},
	Publisher                = { Ganamandir Publications},
	Year                     = {1995},
	Address                  = {Chennai, India}
}

@Book{TKG_Rao_Muddusvami,
	Title                    = {{Compositions of Muddusvami Dikshitar}},
	Author                   = {Rao, T.~K.~G.},
	Publisher                = { Ganamandir Publications},
	Year                     = {1995},
	Address                  = {Chennai, India}
}

@Book{TKG_Rao_syama,
	Title                    = {{Compositions of Syama Sastri}},
	Author                   = {Rao, T.~K.~G.},
	Publisher                = { Ganamandir Publications},
	Year                     = {1997},
	Address                  = {Chennai, India}
}

@Book{Bhatkhande_1990,
	Title                    = {{Hindustani Sangeet Paddhati: Kramik Pustak Maalika Vol.~I-VI}},
	Author                   = {Bhatkhande, V.~N.},
	Publisher                = {Sangeet Karyalaya},
	Year                     = {1990}
}
@Book{R_Jha_2001,
	Title                    = {{Abhinav Geetanjali Vol.~I-V}},
	Author                   = {Jha, R.},
	Publisher                = {Sangeet Sadan},
	Year                     = {2001}
}


@article{AKDatta_1996,
	title={Generation of Musical Notations from Song using State-Phase for Pitch Detection Algorithm},
	author={Datta, A.~K.},
	journal={Journal of Acoustical Society of India},
	volume={24},
	year={1996},
}

@inproceedings{Salamon2011,
	author = {Salamon, J. and G\'{o}mez, E. and Bonada, J.},
	booktitle = {{Proc. of Int. Conf. on Digital Audio Effects (DAFx)}},
	pages = {73--80},
	title = {Sinusoid extraction and salience function design for predominant melody estimation},
	year = {2011}
}

@inproceedings{Sengupta2005b,
	author = {Sengupta, R. and Dey, N. and Nag, D. and Datta, A.~K. and Mukerjee, A.},
	booktitle = {{National Symposium on Acoustics}},
	pages = {1--5},
	title = {Automatic Tonic ( {SA} ) Detection Algorithm in {I}ndian Classical Vocal Music},
	year = {2005}
}


@book{Patel07BOOK,
	address = {Oxford, UK},
	author = {Patel, A. D.},
	publisher = {Oxford University Press},
	title = {{Music, language, and the brain}},
	year = {2007}
}

@inproceedings{Ong05ICMC,
	author = {Ong, B.~S. and Herrera, P.},
	booktitle = {Proc. of the Int. Computer Music Conf. (ICMC)},
	title = {{Semantic segmentation of music audio contents}},
	year = {2005}
}

@inproceedings{pearce2008comparison,
	title={A Comparison of Statistical and Rule-Based Models of Melodic Segmentation.},
	author={Pearce, M. and M{\"u}llensiefen, D. and Wiggins, G.~A},
	booktitle={Int. Soc. for Music Information Retrieval Conf. (ISMIR)},
	pages={89--94},
	year={2008}
}
@inproceedings{rodriguez2014comparing,
	title={Comparing repetition-based melody segmentation models},
	author={Rodr{\'\i}guez L., ME and Volk, A. and de Haas, B. },
	booktitle={Proceedings of the 9th Conference on Interdisciplinary Musicology (CIM14)},
	pages={143--148},
	year={2014}
}

@inproceedings{muller2009robust,
	title={Robust segmentation and annotation of folk song recordings},
	author={M{\"u}ller, M. and Grosche, P. and Wiering, F.},
	booktitle={Int. Soc. for Music Information Retrieval Conf. (ISMIR)},
	pages={735--740},
	year={2009}
}
@inproceedings{cambouropoulos2001local,
	title={The local boundary detection model (LBDM) and its application in the study of expressive timing},
	author={Cambouropoulos, Emilios},
	booktitle={Proceedings of the international computer music conference},
	pages={17--22},
	year={2001}
}

@inproceedings{vlachos2003indexing,
	title={Indexing multi-dimensional time-series with support for multiple distance measures},
	author={Vlachos, M. and Hadjieleftheriou, M. and Gunopulos, D. and Keogh, E.},
	booktitle={Proceedings of the ninth ACM SIGKDD international conference on Knowledge discovery and data mining},
	pages={216--225},
	year={2003},
	organization={ACM}
}

@article{orio2006music,
	title={Music Retrieval: A Tutorial and Review},
	author={Orio, N.},
	journal={Foundations and Trends{\textregistered} in Information Retrieval},
	volume={1},
	number={1},
	pages={1--90},
	year={2006},
	publisher={Now Publishers, Inc.}
}

@article{burgoyne2016music,
	title={Music Information Retrieval},
	author={Burgoyne, J.~A. and Fujinaga, I. and Downie, J.~S.},
	journal={A New Companion to Digital Humanities},
	pages={213--228},
	year={2016},
	publisher={John Wiley \& Sons, Ltd}
}

@incollection {roadmap_mir,    
	author = {Serra, X. and Magas, M. and Benetos, E. and Chudy, M. and Dixon, S. and Flexer, A. and G\'{o}mez, E. and Gouyon, F. and Herrera, P. and Jord\`a, S. and Paytuvi, O. and Peeters, G. and Schluter, J. and Vinet, H. and Widmer, G.},    
	title = {Roadmap for Music Information Research},    
	editor = {Peeters, G.},    
	publisher = {Creative Commons BY-NC-ND 3.0 license},    
	isbn = {978-2-9540351-1-6},    
	url = {http://mires.eecs.qmul.ac.uk/files/MIRES_Roadmap_ver_1.0.0.pdf},    
	year = {2013}    
}

@phdthesis{salamon:phd:13,
	Address = {Barcelona, Spain},
	Author = {Salamon, J.},
	School = {Universitat Pompeu Fabra},
	Title = {Melody Extraction from Polyphonic Music Signals},
	Year = {2013}
}

@article{mcvicar2014automatic,
	title={Automatic chord estimation from audio: A review of the state of the art},
	author={McVicar, M. and Santos-Rodr{\'\i}guez, R. and Ni, Y. and De Bie, T.},
	journal={IEEE/ACM Transactions on Audio, Speech, and Language Processing},
	volume={22},
	number={2},
	pages={556--575},
	year={2014},
	publisher={IEEE}
}

@inproceedings{serra2012unsupervised,
	title={Unsupervised detection of music boundaries by time series structure features},
	author={Serra, Joan and M{\"u}ller, Meinard and Grosche, Peter and others},
	booktitle={Proceedings of the Twenty-Sixth AAAI Conference on Artificial Intelligence},
	pages={1613--1619},
	year={2012},
	organization={AAAI Press}
}

@inproceedings{paulus2010state,
	title={Audio-based music structure analysis.},
	author={Paulus, J. and M{\"u}ller, M. and Klapuri, A.},
	booktitle={Int. Soc. for Music Information Retrieval Conf. (ISMIR)},
	pages={625--636},
	year={2010}
}

@phdthesis{collins2011improved,
	title={Improved methods for pattern discovery in music, with applications in automated stylistic composition},
	author={Collins, Tom},
	year={2011},
	school={Open University}
}

@phdthesis {joan_thesis,
	title = {Identification of versions of the same musical composition by processing audio descriptions},
	year = {2011},
	pages = {154},
	school = {Universitat Pompeu Fabra},
	address = {Barcelona},
	author = {Serr{\`a}, J.}
}

@article{aucouturier2003representing,
	title={Representing musical genre: A state of the art},
	author={Aucouturier, J.~J. and Pachet, F.},
	journal={Journal of New Music Research},
	volume={32},
	number={1},
	pages={83--93},
	year={2003},
	publisher={Taylor \& Francis}
}

@inproceedings{kim2010music,
	title={Music emotion recognition: A state of the art review},
	author={Kim, Y.~E. and Schmidt, E.~M. and Migneco, R. and Morton, B.~G. and Richardson, P. and Scott, J. and Speck, J.~A and Turnbull, D.},
	booktitle={Int. Soc. for Music Information Retrieval Conf. (ISMIR)},
	pages={255--266},
	year={2010}
}

@inproceedings{peeters2006chroma,
	title={Chroma-based estimation of musical key from audio-signal analysis.},
	author={Peeters, G.},
	booktitle={Int. Soc. for Music Information Retrieval Conf. (ISMIR)},
	pages={115--120},
	year={2006}
}

@article{scheirer1998tempo,
	title={Tempo and beat analysis of acoustic musical signals},
	author={Scheirer, E.~D.},
	journal={The Journal of the Acoustical Society of America},
	volume={103},
	number={1},
	pages={588--601},
	year={1998},
	publisher={Acoustical Society of America}
}

@article{pachet2004improving,
	title={Improving timbre similarity: How high is the sky},
	author={Pachet, F. and Aucouturier, J.~J.},
	journal={Journal of negative results in speech and audio sciences},
	volume={1},
	number={1},
	pages={1--13},
	year={2004}
}
@article{casey2008content,
	title={Content-based music information retrieval: Current directions and future challenges},
	author={Casey, M.~A. and Veltkamp, R. and Goto, M. and Leman, M. and Rhodes, C. and Slaney, M.},
	journal={Proceedings of the IEEE},
	volume={96},
	number={4},
	pages={668--696},
	year={2008},
	publisher={IEEE}
}
@inproceedings{celma2006foafing,
	title={Foafing the music: Bridging the semantic gap in music recommendation},
	author={Celma, {\`O}scar},
	booktitle={International Semantic Web Conference},
	pages={927--934},
	year={2006},
	organization={Springer}
}

@article{gouyon2005review,
	title={A review of automatic rhythm description systems},
	author={Gouyon, F. and Dixon, S.},
	journal={Computer music journal},
	volume={29},
	number={1},
	pages={34--54},
	year={2005}
}


@article{ringer2001melody,
	title={Melody},
	author={Ringer, A.~L.},
	journal={The new Grove dictionary of music and musicians},
	volume={12},
	pages={118--119},
	year={1980}
}

@book{schenker1980harmony,
	title={Harmony},
	author={Schenker, H. and Jonas, O. and Elisabeth M.~B.},
	series={Neue musikalische Theorien und Phantasien},
	year={1980},
	publisher={University of Chicago Press}
}

@article{paiva2006melody,
	title={Melody detection in polyphonic musical signals: Exploiting perceptual rules, note salience, and melodic smoothness},
	author={Paiva, R.~P. and Mendes, T. and Cardoso, A.},
	journal={Computer Music Journal},
	volume={30},
	number={4},
	pages={80--98},
	year={2006},
	publisher={MIT Press}
}
@article{levitin2002memory,
	title={Memory for musical attributes},
	author={Levitin, D.~J.},
	journal={Foundations of cognitive psychology: Core readings},
	pages={295--310},
	year={2002},
	publisher={Cambridge, MA: MIT Press}
}

@inproceedings{kim2000analysis,
	title={Analysis of a Contour-based Representation for Melody.},
	author={Kim, Y.~E. and Chai, W. and Garcia, R. and Vercoe, B.},
	booktitle={Proceedings of the International Symposium on Music Information Retrieval},
	year={2000}
}


@inproceedings{Krishnaswamy2003,
	title = {On the Twelve Basic Intervals in {S}outh {I}ndian Classical Music},
	author={Krishnaswamy, A.},
	booktitle={{Audio Engineering Society Convention 115}},
	year={2003},
	organization={Audio Engineering Society}
}
@inproceedings{Krishnaswamyicassp2003,
	author={Krishnaswamy, A.},
	booktitle={{IEEE International Conference on Acoustics, Speech, and Signal Processing}}, 
	title={Application of pitch tracking to {S}outh {I}ndian classical music},
	year={2003},
	volume={5},
	pages={557--560}
}

@book{Manikandan2004,
	author = {Manikandan, T.~V.},
	title = {Lakshana and Laksya of {C}arnatic Music: A Quest} ,
	year = {2004},
	publisher = {{Kanishka Publishers and Distributors}},
	Address = {{New Delhi, India}},
}

@inproceedings{sinith2006hidden,
  title={Hidden markov model based recognition of musical pattern in south {I}ndian classical music},
  author={Sinith, M. and Rajeev, K.},
  booktitle={IEEE International Conference on Signal and Image Processing},
  address = {Hubli, India},
  year={2006}
}

@inproceedings{chakraborty2012object,
  title={Object oriented classification and pattern recognition of {I}ndian Classical Ragas},
  author={Chakraborty, Sayanti and De, Debashis},
  booktitle={1st International Conference on Recent Advances in Information Technology (RAIT)},
  pages={505--510},
  year={2012}
}

@article{bhattacharjee2011hindustani,
  title={{H}industani raga representation and identification: a transition probability based approach},
  author={Bhattacharjee, A. and Srinivasan, N.},
  journal={International Journal of Mind, Brain and Cognition},
  volume={2},
  number={1-2},
  pages={66--91},
  year={2011}
}

@article{rao2010recognition,
  title={Recognition of Melakartha Raagas With the Help of Gaussian Mixture Model},
  author={Rao, T. and Reddy, P. and Prasad,  A.},
  journal={International Journal of Advanced Research in Computer Science},
  volume={1},
  number={3},
  year={2010},
  publisher={International Journal of Advanced Research in Computer Science}
}
@article{hitesh2015raga,
  title={Comparison of ML classifiers for Raga recognition},
  author={Sharma, H. and Bali, R.~S.},
  journal={International Journal of Scientific and Research Publications (IJSRP)},
  volume={5},
  number={10},
  year={2015}
}

@inproceedings{ganguli2015discrimination,
  title={Discrimination of melodic patterns in {I}ndian classical music},
  author={Ganguli, K.~K. and Rao, P.},
  booktitle={Twenty First National Conference on Communications (NCC)},
  pages={1--6},
  year={2015},
  organization={IEEE}
}

@article{rao2013distinguishing,
  title={Distinguishing raga-specific intonation of phrases with audio analysis},
  author={Rao, P. and Ross, J~.C. and Ganguli, K.~K.},
  journal={Nin\={a}d, Journal of ITC SRA},
  volume={26},
  pages={64},
  year={2013}
}

@inproceedings{rao2009improving,
  title={Improving polyphonic melody extraction by dynamic programming based dual f0 tracking},
  author={Rao, V. and Rao, P.},
  booktitle={12th International Conference on Digital Audio Effects (DAFx)},
  address = {Como, Italy},
  pages = {78--84},
  year={2009}
}

@inproceedings{sun2000pitch,
  title={A Pitch Determination Algorithm Based on Subharmonic-to-Harmonic Ratio},
  author={Sun, X.},
  booktitle={the 6th International Conference of Spoken Language Processing},
  year={2000},
  volume = {4},
  pages = {676--679}
}

@inproceedings{sridhar_2006_svara, 
author={Sridhar, R. and Geetha, T.~V. }, 
booktitle={9th International Conference on Information Technology (ICIT)}, 
title={Swara Indentification for South Indian Classical Music}, 
year={2006}, 
pages={143-144}
}

@inproceedings{lee2006automatic,
  title={Automatic chord recognition from audio using enhanced pitch class profile},
  author={Lee, K.},
  booktitle={International Computer Music Conference, (ICMC)},
  year={2006}
}
@article{sengupta1990study,
  title={Study on some aspects of the singer's formant in North {I}ndian classical singing},
  author={Sengupta, R.},
  journal={Journal of Voice},
  volume={4},
  number={2},
  pages={129--134},
  year={1990},
  publisher={Elsevier}
}
@phdthesis{camacho2007swipe,
  title={SWIPE: A sawtooth waveform inspired pitch estimator for speech and music},
  author={Camacho, A.},
  year={2007},
  school={University of Florida}
}
@incollection{lartillot2008matlab,
  title={A matlab toolbox for music information retrieval},
  author={Lartillot, O. and Toiviainen, P. and Eerola, T.},
  booktitle={Data analysis, machine learning and applications},
  pages={261--268},
  year={2008},
  publisher={Springer}
}

@article{gomez2003melody,
title={Melody description and extraction in the context of music content processing},
author={G{\'o}mez, E. and Klapuri, A. and Meudic, B.},
journal={Journal of New Music Research},
volume={32},
number={1},
pages={23--40},
year={2003}
}

@article{smith1981identification,
title={Identification of common molecular subsequences},
author={Smith, T.~F. and Waterman, M.~S.},
journal={Journal of molecular biology},
volume={147},
number={1},
pages={195--197},
year={1981},
publisher={Elsevier}
}

@book{Bor2010,
address = {New Delhi},
edition = {First},
editor = {Bor, J. and Delvoye, F.~N. and Harvey, J. and Nijenhuis, E.~T.},
isbn = {978-81-7304-758-9},
pages = {736},
publisher = {Manohar Publishers and Distributors},
title = {{Hindustani Music: Thirteenth to Twentieth Centuries}},
year = {2010}
}


@book{Raja2012,
author = {Raja, D.~S.},
edition = {First},
pages = {137},
publisher = {D.K. Printworld (P) Ltd.},
title = {{Hindustani Music Today}},
year = {2012}
}

@book{Griffith2004,
author = {Griffith, R.~T.~H.},
pages = {200},
publisher = {Kessinger Publishing},
title = {{Hymns of the Samaveda}},
year = {2004}
}

@book{Singh1995,
author = {Singh, J.},
edition = {First},
pages = {580},
publisher = {Munshiram Manoharlal Publishers Pvt Ltd},
title = {{Indian Music}},
year = {1995}
}

@book{Trivedi2008,
edition = {First},
editor = {Trivedi, R.},
isbn = {978-81-8097-115-0},
publisher = {Sahitya Sangam, New 100, Lookerganj, Allahabad. India},
title = {{Bharatiya Shastriya Sangit: Shastra, Shikshan Va Prayog}},
year = {2008}
}

@book{Kaul2007,
author = {Kaul, D.~M.},
edition = {First},
isbn = {81-7391-923-2},
pages = {246},
publisher = {Kanishka Publishers, Distributors},
title = {{Hindustani and Persio-Arabian Music}},
year = {2007}
}

@book{Saraf2011,
author = {Saraf, R.},
edition = {First},
isbn = {978-93-80651-20-0},
pages = {503},
publisher = {Vidyanidhi Prakashan},
title = {{Development of Hindustani Classical Music (19th \& 20th centuries)}},
year = {2011}
}

@book{Mehta2008,
author = {Mehta, R.C.},
edition = {First},
isbn = {10: 81-89973-09-6},
pages = {252},
publisher = {Readworthy Publications Pvt. Ltd.},
title = {{Indian Classical Music and Gharana Tradition}},
year = {2008}
}

@book{Deshpande1989,
author = {Deshpande, V.~H.},
edition = {Second},
isbn = {978-0861321445},
pages = {241},
publisher = {Popular Prakashan},
title = {{Indian Musical Traditions: An Aesthetic Study of the Gharanas in Hindustani Music}},
year = {1989}
}

@book{martinez2001semiosis,
title={{Semiosis in Hindustani Music}},
author={Martinez, J.~L.},
isbn={9788120818019},
year={2001},
publisher={Motilal Banarsidass Publishers}
}


@phdthesis{powers1963background,
Address = {Barcelona, Spain},
author={Powers, H.~S.},
School = {Princeton Univer- sity},
Title = {{The background of the South Indian R\={a}ga-System}},
Year = {1959}
}

@electronic{narayanswami2011,
author = {Narayanaswami, P.~P. and Jayaraman, V.},
title = {{Sangita Sampradaya Pradarsini}},
url = {http://ibiblio.org/guruguha/ssp.htm},
urldate = {15.08.2016},
originalyear = {03.08.2011}
}

@book{janakiraman2008essentials,
title={{Essentials of musicology in south Indian music}},
author={Janakiraman, S.~R.},
year={2008},
publisher={Indian Music Publishing House},
address = {Madras}
}

@book{ramanathan1999musical,
title={{Musical forms in the Sangita Ratnakara}},
author={Ramanathan, N},
year={1999},
publisher={Chennai: Sampradaya}
}
@article{Brown1988,
author = {Brown, H.},
journal = {Music Perception},
number = {3},
pages = {219--249},
title = {{The interplay of set content and temporal context in a functional theory of tonality perception}},
volume = {5},
year = {1988}
}



@book{krumhansl2001cognitive,
title={Cognitive foundations of musical pitch},
author={Krumhansl, C.~L.},
year={2001},
publisher={Oxford University Press}
}

@article{krumhansl1979quantification,
title={{Quantification of the hierarchy of tonal functions within a diatonic context}},
author={Krumhansl, C.~L. and Shepard, R.~N.},
journal={Journal of experimental psychology: Human Perception and Performance},
volume={5},
number={4},
pages={579},
year={1979},
publisher={American Psychological Association}
}

@article{krumhansl2000tonality,
title={Tonality induction: A statistical approach applied cross-culturally},
author={Krumhansl, C.~L.},
journal={Music Perception: An Interdisciplinary Journal},
volume={17},
number={4},
pages={461--479},
year={2000},
publisher={University of California Press Journals}
}

@article{KrumhanslKessler82,
author = {Krumhansl, C.~L. and Kessler, E.~J.},
journal = {Psychological review},
number = {4},
pages = {334--368},
title = {{Tracing the dynamic changes in perceived tonal organization in a spatial representation of musical keys}},
volume = {89},
year = {1982}
}

@article{temperley2008pitch,
title={Pitch-class distribution and the identification of key},
author={Temperley, D. and Marvin, E.~W.},
journal={Music Perception: An Interdisciplinary Journal},
volume={25},
number={3},
pages={193--212},
year={2008},
publisher={University of California Press Journals}
}


@inproceedings{pauws2004musical,
title={Musical key extraction from audio},
author={Pauws, S.},
booktitle={Proc. of Int. Soc. for Music Information Retrieval Conf. (ISMIR)},
pages = {96--99},
year={2004}
}

@article{gomez2006tonal,
title={Tonal description of polyphonic audio for music content processing},
author={G{\'o}mez, Emilia},
journal={INFORMS Journal on Computing},
volume={18},
number={3},
pages={294--304},
year={2006},
publisher={INFORMS}
}

@article{temperley1999s,
title={What's key for key? The Krumhansl-Schmuckler key-finding algorithm reconsidered},
author={Temperley, D.},
journal={Music Perception: An Interdisciplinary Journal},
volume={17},
number={1},
pages={65--100},
year={1999},
publisher={University of California Press Journals}
}

@phdthesis{chew2000towards,
title={Towards a mathematical model of tonality},
author={Chew, E.},
year={2000},
school={Massachusetts Institute of Technology}
}

@article{longuet1971interpreting,
title={On interpreting bach},
author={Longuet-Higgins, H.~C. and Steedman, M.~J.},
journal={Machine intelligence},
volume={6},
pages={221--241},
year={1971}
}

@article{cohen1991tonality,
title={Tonality and perception: Musical scales primed by excerpts fromThe Well-Tempered Clavier of JS Bach},
author={Cohen, A.~J.},
journal={Psychological Research},
volume={53},
number={4},
pages={305--314},
year={1991},
publisher={Springer}
}

@conference{cremer2004a,
author = {Cremer, M.},
booktitle = {25th Audio Engineering Society (AES) Conference},
title = {{A System for Harmonic Analysis of Polyphonic Music}},
year = {2004}
}


@inproceedings{izmirli2005template,
title={{Template based key finding from audio}},
author={Izmirli, O.},
booktitle={Proceedings of the International Computer Music Conference (ICMC)},
pages={211--214},
year={2005}
}

@inproceedings{gomez2004estimating,
author = {G\'{o}mez, E. and Herrera, P.},
booktitle = {Proc. of Int. Conf. on Music Information Retrieval (ISMIR)},
title = {{Estimating The Tonality Of Polyphonic Audio Files: Cognitive Versus Machine Learning Modelling Strategies}},
pages = {92--95},
year = {2004}
}

@inproceedings{noland2006key,
title={Key Estimation Using a Hidden Markov Model.},
author={Noland, K. and Sandler, M.~B.},
booktitle={Proc. of Int. Soc. for Music Information Retrieval Conf. (ISMIR)},
pages={121--126},
year={2006}
}

@inproceedings{peeters2006musical,
title={Musical key estimation of audio signal based on hidden Markov modeling of chroma vectors},
author={Peeters, G.},
booktitle={Proceedings of the International Conference on Digital Audio Effects (DAFx)},
pages={127--131},
year={2006}
}
@inproceedings{papadopoulos2007large,
title={Large-scale study of chord estimation algorithms based on chroma representation and HMM},
author={Papadopoulos, H. and Peeters, G.},
booktitle={2007 International Workshop on Content-Based Multimedia Indexing},
pages={53--60},
year={2007}
}

@article{bozkurt2008automatic,
title={{An automatic pitch analysis method for Turkish Maqam music}},
author={Bozkurt, B.},
journal={Journal of New Music Research},
volume={37},
number={1},
pages={1--13},
year={2008},
publisher={Taylor \& Francis}
}

@article{akkocc2002non,
title={{Non-deterministic scales used in traditional Turkish music}},
author={Akko{\c{c}}, C.},
journal={Journal of New Music Research},
volume={31},
number={4},
pages={285--293},
year={2002},
publisher={Taylor \& Francis}
}

@article{gedik2009evaluation,
title={{Evaluation of the makam scale theory of Arel for music information retrieval on traditional Turkish art music}},
author={Gedik, A.~C. and Bozkurt, B.},
journal={Journal of New Music Research},
volume={38},
number={2},
pages={103--116},
year={2009},
publisher={Taylor \& Francis}
}

@article{gedik2010pitch,
title={{Pitch-frequency histogram-based music information retrieval for Turkish music}},
author={Gedik, A.~C. and Bozkurt, B.},
journal={Signal Processing},
volume={90},
number={4},
pages={1049--1063},
year={2010},
publisher={Elsevier}
}

@inproceedings{moelants2009exploring,
title={Exploring african tone scales.},
author={Moelants, D. and Cornelis, O. and Leman, M.},
booktitle={10th International Society for Music Information Retrieval Conference (ISMIR-2009)},
pages={489--494},
year={2009},
organization={International Society for music Information Retrieval}
}

@inproceedings{bartsch2001catch,
title={To catch a chorus: Using chroma-based representations for audio thumbnailing.},
author={Bartsch, M.~A. and Wakefield, G.~H.},
booktitle={IEEE Workshop on the Applications of Signal Processing to Audio and Acoustics},
pages={15--18},
year={2001},
organization={IEEE}
}

@inproceedings{paulus2006music,
title={Music structure analysis by finding repeated parts.},
author={Paulus, J. and Klapuri, A.},
booktitle={Proceedings of the 1st ACM workshop on Audio and music computing multimedia},
pages={59--68},
year={2006},
organization={ACM}
}



@article{collins2013discovery,
title={Discovery of repeated themes and sections.},
author={Collins, T.},
journal={Retrieved 4th May, http://www.music-ir.org/mirex/wiki/2014:Discovery_of_Repeated_Themes_%26_Sections},
year={2013}
}

@inproceedings{collins2013siarct,
title={{SIARCT-CFP: Improving Precision and the Discovery of Inexact Musical Patterns in Point-Set Representations.}},
author={Collins, T. and Arzt, A. and Flossmann, S. and Widmer, G.},
booktitle={Proc. of Int. Soc. for Music Information Retrieval Conf. (ISMIR)},
pages={549--554},
year={2013}
}


@inproceedings{nieto2012compressing,
title={Compressing Music Recordings into Audio Summaries.},
author={Nieto, O. and Humphrey, E.~J. and Bello, P.~B.},
booktitle={Proc. of Int. Soc. for Music Information Retrieval Conf. (ISMIR)},
pages={313--318},
year={2012}
}

@inproceedings{muller2012scape,
title={A Scape Plot Representation for Visualizing Repetitive Structures of Music Recordings.},
author={M{\"u}ller, M. and Jiang, N.},
booktitle={Proc. of Int. Soc. for Music Information Retrieval Conf. (ISMIR)},
pages={97--102},
year={2012}
}


@article{meredith2002algorithms,
title={Algorithms for discovering repeated patterns in multidimensional representations of polyphonic music},
author={Meredith, D. and Lemstr{\"o}m, K. and Wiggins, G.~A.},
journal={Journal of New Music Research},
volume={31},
number={4},
pages={321--345},
year={2002},
publisher={Taylor \& Francis}
}

@article{collins2011modeling,
title={Modeling pattern importance in Chopin's mazurkas},
author={Collins, T. and Laney, R. and Willis, A. and Garthwaite, P.~H.},
journal={Music Perception: An Interdisciplinary Journal},
volume={28},
number={4},
pages={387--414},
year={2011},
publisher={University of California Press Journals}
}

@article{rafii2013repeating,
title={Repeating pattern extraction technique (REPET): A simple method for music/voice separation},
author={Rafii, Z. and Pardo, B.},
journal={IEEE transactions on audio, speech, and language processing},
volume={21},
number={1},
pages={73--84},
year={2013},
publisher={IEEE}
}

@inproceedings{meredith2006point,
title={Point-set algorithms for pattern discovery and pattern matching in music},
author={Meredith, D.},
booktitle={Dagstuhl Seminar Proceedings},
year={2006},
organization={Schloss Dagstuhl-Leibniz-Zentrum f{\"u}r Informatik}
}

@inproceedings{conklin2001representation,
title={Representation and discovery of multiple viewpoint patterns},
author={Conklin, D. and Anagnostopoulou, C.},
booktitle={Proceedings of the International Computer Music Conference},
pages={479--485},
year={2001},
organization={Citeseer}
}


@article{conklin1995multiple,
title={Multiple viewpoint systems for music prediction},
author={Conklin, D. and Witten, I.~H.},
journal={Journal of New Music Research},
volume={24},
number={1},
pages={51--73},
year={1995},
publisher={Taylor \& Francis}
}

@phdthesis{cambouropoulos1997towards,
title={Towards a general computational theory of musical structure},
author={Cambouropoulos, E.},
year={1997},
school={University of Edinburgh}
}

inproceedings{klapuri2010pattern,
title={Pattern induction and matching in music signals},
author={Klapuri, A.},
booktitle={International Symposium on Computer Music Modeling and Retrieval},
pages={188--204},
year={2010},
organization={Springer}
}

@inproceedings{McNab1996,
author = {McNab, R.~J. and Smith, L.~A. and Witten, I.~H.},
booktitle = {Proceedings of the first ACM international conference on Digital libraries},
number = {1978},
pages = {11--18},
title = {{Towards the digital music library: Tune retrieval from acoustic input}},
year = {1996}
}



@article{Park2008,
author = {Park, A.~S. and Glass, J.~R.},
journal = {IEEE Transactions on Audio, Speech, and Language Processing},
number = {1},
pages = {186--197},
title = {{Unsupervised pattern discovery in speech}},
volume = {16},
year = {2008}
}

@article{Lartillot2005b,
author = {Lartillot, O.},
number = {4},
pages = {375--393},
title = {{An Efficient Algorithm For Motivic Pattern Extraction Based on a Cognitive Modeling}},
volume = {34},
year = {2005}
}


@article{Cambouropoulos2001,
author = {Cambouropoulos, E.},
number = {3},
pages = {347--370},
title = {{Melodic Cue Abstraction, Similarity, and Category Formation: A Formal Model}},
volume = {18},
year = {2001}
}



@article{Cambouropoulos2009,
author = {Cambouropoulos, E.},
number = {1 Suppl},
pages = {7--24},
title = {{How similar is similar?}},
volume = {13},
year = {2009}
}

@inproceedings{foote2000automatic,
title={Automatic audio segmentation using a measure of audio novelty},
author={Foote, J.},
booktitle={Proc. of the IEEE Int. Conf. on Multimedia and Expo (ICME)},
volume={1},
pages={452--455},
year={2000},
organization={IEEE}
}

@article{muller2006towards,
title={Towards structural analysis of audio recordings in the presence of musical variations},
author={M{\"u}ller, M. and Kurth, F.},
journal={EURASIP Journal on Advances in Signal Processing},
volume={2007},
number={1},
pages={1--18},
year={2006},
publisher={Springer}
}

@article{serra2014unsupervised,
title={Unsupervised music structure annotation by time series structure features and segment similarity},
author={Serra, J. and M{\"u}ller, M. and Grosche, P. and Arcos, J.~Ll},
journal={IEEE Transactions on Multimedia},
volume={16},
number={5},
pages={1229--1240},
year={2014},
publisher={IEEE}
}


@inproceedings{baeza1992fast,
title={Fast and practical approximate string matching},
author={Baeza-Yates, R.~A. and Perleberg, C.~H.},
booktitle={Annual Symposium on Combinatorial Pattern Matching},
pages={185--192},
year={1992},
organization={Springer}
}

@inproceedings{jang2005continuous,
title={Continuous HMM and Its Enhancement for Singing/Humming Query Retrieval.},
author={Jang, J.~.S.~R. and Hsu, C.~L. and Lee, H.~R.},
booktitle={Proc. of Int. Conf. on Music Information Retrieval (ISMIR)},
pages={546--551},
year={2005},
organization={Citeseer}
}

@article{dannenberg2007comparative,
title={A comparative evaluation of search techniques for query-by-humming using the MUSART testbed},
author={Dannenberg, R.~B. and Birmingham, W.~P. and Pardo, B. and Hu, N. and Meek, C. and Tzanetakis, G.},
journal={Journal of the American Society for Information Science and Technology},
volume={58},
number={5},
pages={687--701},
year={2007},
publisher={Wiley Online Library}
}

@inproceedings{pardo2002encoding,
title={Encoding Timing Information for Musical Query Matching.},
author={Pardo, B. and Birmingham, W.~P.},
booktitle={Proc. of Int. Conf. on Music Information Retrieval (ISMIR)},
year={2002},
pages = {267–-268}
}

@inproceedings{uitdenbogerd1998manipulation,
title={Manipulation of music for melody matching},
author={Uitdenbogerd, A.~L. and Zobel, J.},
booktitle={Proceedings of the sixth ACM international conference on Multimedia},
pages={235--240},
year={1998},
organization={ACM}
}


@incollection{pauws2004cubyhum,
title={CUBYHUM: Algorithms for query by humming},
author={Pauws, S.},
booktitle={Algorithms in Ambient Intelligence},
pages={71--87},
year={2004},
publisher={Springer}
}

@inproceedings{jang2000query,
title={A query-by-singing system based on dynamic programming},
author={Jang, J.~S.~R. and Gao, M.~Y.},
booktitle={Proceedings of international workshop on intelligent system resolutions (8th bellman continuum), Hsinchu},
pages={85--89},
year={2000},
organization={Citeseer}
}

@inproceedings{mazzoni2001melody,
title={Melody matching directly from audio},
author={Mazzoni, D. and Dannenberg, R.~B.},
booktitle={2nd Annual International Symposium on Music Information Retrieval},
pages={17--18},
year={2001}
}


@inproceedings{zhu2003query,
title={Query by humming: a time series database approach},
author={Zhu, Y. and Shasha, D.},
booktitle={Proc. of SIGMOD},
pages={675},
year={2003}
}

@inproceedings{lijffijt2010benchmarking,
title={Benchmarking dynamic time warping for music retrieval},
author={Lijffijt, J. and Papapetrou, P. and Hollm{\'e}n, J. and Athitsos, V.},
booktitle={Proceedings of the 3rd international conference on pervasive technologies related to assistive environments},
pages={59},
year={2010},
organization={ACM}
}

@inproceedings{uitdenbogerd1999melodic,
title={Melodic matching techniques for large music databases},
author={Uitdenbogerd, A. and Zobel, J.},
booktitle={Proceedings of the seventh ACM international conference on Multimedia (Part 1)},
pages={57--66},
year={1999},
organization={ACM}
}

@article{keogh2001dimensionality,
title={Dimensionality reduction for fast similarity search in large time series databases},
author={Keogh, E. and Chakrabarti, K. and Pazzani, M. and Mehrotra, S.},
journal={Knowledge and information Systems},
volume={3},
number={3},
pages={263--286},
year={2001},
publisher={Springer}
}

@inproceedings{iliopoulos2002string,
title={String Matching with Gaps for Musical Melodic Recognition.},
author={Iliopoulos, C.~S. and Kurokawa, M.},
booktitle={Stringology},
pages={55--64},
year={2002}
}

@article{kotsifakos2011subsequence,
title={A subsequence matching with gaps-range-tolerances framework: a query-by-humming application},
author={Kotsifakos, A. and Papapetrou, P. and Hollm{\'e}n, J. and Gunopulos, D.},
journal={Proceedings of the VLDB Endowment},
volume={4},
number={11},
pages={761--771},
year={2011},
publisher={IBM Almaden Research Center}
}

@inproceedings{durey2001melody,
title={Melody Spotting Using Hidden Markov Models.},
author={Durey, A. and Clements, M.~A.},
booktitle={Proc. of Int. Soc. for Music Information Retrieval Conf. (ISMIR)},
year = {2001}
}


@article{pikrakis2016detection,
title={Detection of Melodic Patterns in Automatic Transcriptions of Flamenco Singing},
author={Pikrakis, A. and Kroher, N. and D{\'\i}az-B{\'a}{\~n}ez, J.~M.},
year={2016},
publisher={Dublin Institute of Technology}
}

@inproceedings{kroher2015discovery,
title={Discovery of repeated vocal patterns in polyphonic audio: A case study on flamenco music},
author={Kroher, N. and Pikrakis, A. and Moreno, J. and D{\'\i}az-B{\'a}{\~n}ez, J.~M.},
booktitle={23rd European Signal Processing Conference (EUSIPCO)},
pages={41--45},
year={2015},
organization={IEEE}
}

@inproceedings{pikrakis2012tracking,
title={Tracking Melodic Patterns in Flamenco Singing by Analyzing Polyphonic Music Recordings.},
author={Pikrakis, A. and G{\'o}mez, F. and Oramas, S. and D{\'\i}az-B{\'a}{\~n}ez, J.~M. and Mora, J. and Escobar-Borrego, F. and G{\'o}mez, E. and Salamon, J.},
booktitle={Int. Soc. for Music Information Retrieval Conf. (ISMIR)},
pages={421--426},
year={2012}
}

@inproceedings{gomez2012automatic,
title={Automatic Detection of Melodic Patterns in Flamenco Singing by Analyzing Polyphonic Music Recordings},
author={G{\'o}mez, F. and Pikrakis, A. and Mora, J. and D{\'\i}az-B{\'a}{\~n}ez, J.~M. and G{\'o}mez, E. and Escobar, F. and Oramas, S. and Salamon, J.},
booktitle={2nd International Workshop of Folk Music Analysis},
pages={19--20},
year={2012}
}

@inproceedings{gomez2011automatic,
title={Automatic detection of ornamentation in flamenco},
author={G{\'o}mez, F. and Pikrakis, A. and Mora, J. and D{\i}az-B{\'a}nez, J.~M. and G{\'o}mez, E. and Escobar, F.},
booktitle={Fourth International Workshop on Machine Learning and Music MML},
year={2011}
}

@article{pikrakis2003recognition,
title={Recognition of isolated musical patterns using context dependent dynamic time warping},
author={Pikrakis, A. and Theodoridis, S. and Kamarotos, D.},
journal={IEEE Transactions on Speech and Audio Processing},
volume={11},
number={3},
pages={175--183},
year={2003},
publisher={IEEE}
}

@article{bartsch2005audio,
title={Audio thumbnailing of popular music using chroma-based representations},
author={Bartsch, M.~A. and Wakefield, G.~H.},
journal={IEEE Transactions on multimedia},
volume={7},
number={1},
pages={96--104},
year={2005},
publisher={IEEE}
}


@inbook{muller2007dynamic,
author={M{\"u}ller, Meinard},
address = {Berlin, Heidelberg},
booktitle = {Information Retrieval for Music and Motion},
pages = {69--84},
publisher = {Springer},
title = {{Dynamic Time Warping}},
year = {2007}
}


@article{rabiner1993fundamentals,
title={Fundamentals of speech recognition},
author={Rabiner, L. and Juang, B.~H.},
year={1993},
publisher={Prentice hall}
}

@book{Deva1980,
address = {Delhi},
author = {Deva, B.~C.},
publisher = {Munshiram Manoharlal Publishers},
title = {{The Music of India: A Scientific Study}},
year = {1980}
}

@book{Quinlan:1993:CPM:152181,
author = {Quinlan, J. Ross},
title = {C4.5: programs for machine learning},
year = {1993},
isbn = {1-55860-238-0},
publisher = {Morgan Kaufmann Publishers Inc.},
address = {San Francisco, CA, USA},
} 



@article{tanaka2005discovery,
title={Discovery of time-series motif from multi-dimensional data based on MDL principle},
author={Tanaka, Y.  and Iwamoto, K. and Uehara, K.},
journal={Machine Learning},
volume={58},
number={2-3},
pages={269--300},
year={2005},
publisher={Springer}
}

@inproceedings{srinivasamurthy2014supervised,
title={A supervised approach to hierarchical metrical cycle tracking from audio music recordings},
author={Srinivasamurthy, A. and Serra, Xavier},
booktitle={IEEE International Conference on Acoustics, Speech and Signal Processing (ICASSP)},
pages={5217--5221},
year={2014},
organization={IEEE}
}

@inproceedings{Subramanian2012,
author = {Subramanian, S.~K. and Wyse, L. and Mcgee, K.},
booktitle={Proceedings of the 2nd CompMusic Workshop, Istanbul, Turkey},
pages = {147--152},
title = {{A Two-Component Representation For Modeling Gamakas Of Carnatic Music}},
year = {2012}
}

@inproceedings{narayan2014detection,
title={Detection of Micro-tonal Ornaments in Dhrupad using Dynamic Programming Approach},
author={Narayan, Achyuth and Singh, Navjyoti},
booktitle={Proceedings of the 9th Conference on Interdisciplinary Musicology--CIM14. Berlin, Germany},
pages={388--391},
year={2014}
}

@mastersthesis {pratyush_2010,
title = {{Analysis and Classification of Ornaments in North Indian (Hindustani) Classical Music}},
Address = {Barcelona, Spain},
School = {Universitat Pompeu Fabra},
year = {2010},
author = {Pratyush}
}


@article{conklin2010discovery,
title={Discovery of distinctive patterns in music},
author={Conklin, D.},
journal={Intelligent Data Analysis},
volume={14},
number={5},
pages={547--554},
year={2010},
publisher={IOS Press}
}

@article{needleman1970general,
title={A general method applicable to the search for similarities in the amino acid sequence of two proteins},
author={Needleman, S.~B. and Wunsch, C.~D.},
journal={Journal of molecular biology},
volume={48},
number={3},
pages={443--453},
year={1970},
publisher={Elsevier}
}

@article{itakura1975minimum,
title={Minimum prediction residual principle applied to speech recognition},
author={Itakura, F.},
journal={IEEE Transactions on Acoustics, Speech, and Signal Processing},
volume={23},
number={1},
pages={67--72},
year={1975},
publisher={IEEE}
}

@article{boersma1993accurate,
title={Accurate short-term analysis of the fundamental frequency and the harmonics-to-noise ratio of a sampled sound},
author={Boersma, P.},
journal={Proceedings of the institute of phonetic sciences},
volume={17},
number={1193},
pages={97--110},
year={1993},
publisher={Amsterdam}
}

@book{DudaHart2000,
author = {Duda, R.O. and Hart, P.E. and Stork, D.G.},
publisher = {Wiley, New York},
title = {Pattern Classification},
edition = {2nd edition},
year = 2000
}

@inproceedings{Ashwin_Istanbul2012,
author = {Bellur, A. and Ishwar, V. and Serra, X. and Murthy, H.},
booktitle = {{2nd CompMusic Workshop}},
Address = {Istanbul, Turkey},
title = {{A Knowledge Based Signal Processing Approach to Tonic Identification in Indian Classical Music}},
year = {2012}
}



@book{Bishop,
author = {Bishop, Christopher M.},
title = {Pattern Recognition and Machine Learning (Information Science and Statistics)},
year = {2006},
publisher = {Springer-Verlag New York, Inc.},
address = {Secaucus, NJ, USA},
} 
@book{Huang2001,
author = {Huang, X. and Acero, A. and Hon, H.~W.},
publisher = {Prentice Hall PTR},
title = {{Spoken Language Processing: A Guide to Theory, Algorithm and System Development}},
year = {2001}
}
@article{DempsterEM77,
author = {Dempster, A.~P. and Laird, N.~M. and Rubin, D.~B.},
title = {Maximum likelihood from incomplete data via the EM algorithm},
journal = {Journal of the Royal statistical society, series B},
year = {1977},
volume = {39},
number = {1},
pages = {1--38}
}


@inproceedings{kumar2014identifying,
title={Identifying Ragas in Indian Music.},
author={Kumar, V. and Pandya, H. and Jawahar, C.~V.},
booktitle = {International Conference on Pattern Recognition},
pages = {767--772},
year = {2014}
}


@inproceedings{Perng00ICDE,
	author = {Perng, C. S. and Wang, H. and Zhang, S. R. and Parker, D. S.},
	booktitle = {Proc. of the Int. Conf. on Data Engineering (ICDE)},
	pages = {33--42},
	title = {{Landmarks: a new model for similarity-based pattern querying in time series databases}},
	year = {2000}
}

@article{Jansen08JASA,
	author = {Jansen, A. and Niyogi, P.},
	journal = {Journal of the Acoustical Society of America},
	number = {3},
	pages = {1739--1758},
	title = {{Modeling the temporal dynamics of distinctive feature landmark detectors for speech recognition}},
	volume = {124},
	year = {2008}
}
@inproceedings{Chen12ICASSP,
	author = {Chen, T. and Yap, K.-H. and Zhang, D.},
	booktitle = {Proc. of the IEEE Int. Conf. on Acoustics, Speech and Signal Processing (ICASSP)},
	pages = {893--896},
	title = {{Discriminative bag-of-visual phrase learning for landmark recognition}},
	year = {2012}
}

@inproceedings{Duong13ICASSP,
	author = {Duong, N. Q. K. and Thudor, F.},
	booktitle = {Proc. of the IEEE Int. Conf. on Acoustics, Speech and Signal Processing (ICASSP)},
	pages = {3632--3636},
	title = {{Movie synchronization by audio landmark matching}},
	year = {2013}
}

@article{marsden2012counselling,
	title={Counselling a better relationship between mathematics and musicology},
	author={Marsden, A.},
	journal={Journal of Mathematics and Music},
	volume={6},
	number={2},
	pages={145--153},
	year={2012},
	publisher={Taylor \& Francis}
}

@article{Karydis2006,
	author = {Karydis, I. and Nanopoulos, A. and Manolopoulos, Y.},
	number = {1},
	pages = {49--71},
	title = {{Finding maximum-length repeating patterns in music databases}},
	volume = {32},
	year = {2006}
}


@article{herrera2003automatic,
	title={Automatic classification of musical instrument sounds},
	author={Herrera-Boyer, P. and Peeters, G. and Dubnov, S.},
	journal={Journal of New Music Research},
	volume={32},
	number={1},
	pages={3--21},
	year={2003},
	publisher={Taylor \& Francis}
}

@article{salton1975vector,
	title={A vector space model for automatic indexing},
	author={Salton, G. and Wong, A. and Yang, C.~S.},
	journal={Communications of the ACM},
	volume={18},
	number={11},
	pages={613--620},
	year={1975},
	publisher={ACM}
}