
%As first author

@inproceedings {gulati_tdms_2016,
	title = {Time-delayed Melody Surfaces for R\={a}ga Recognition},
	booktitle = {Int. Soc. for Music Information Retrieval Conf. (ISMIR)},
	pages = {751--757},
	year = {2016},
	author = {Gulati, S. and Serr{\`a}, J. and Ganguli, K.~K. and \c{S}ent{\"u}rk, S. and Serra, X.},
	address = {New York, USA}
}

@inproceedings {kaustuv_ismir_2016,
	title = {Data-driven Exploration of Melodic Structures in {H}industani music},
	booktitle = {Int. Soc. for Music Information Retrieval Conf. (ISMIR)},
	pages = {605--611},
	year = {2016},
	author = {Ganguli, K.~K. and Gulati, S. and Serra, X. and Rao, P.},
	address = {New York, USA}
}

@inproceedings{gulatiphrase_2016,
	title={Phrase-Based R\={a}ga recognition using Vector Space Modeling},
	booktitle = {IEEE Int. Conf. on Acoustics, Speech and Signal Processing (ICASSP)},  
	author={Gulati, S. and Serr{\`a}, J. and Ishwar, V. and \c{S}ent{\"u}rk, S. and Serra, X.},
	year = {2016},
	pages = {66--70},
	address = {Shanghai, China}
}

@inproceedings{gulati_communities_2016,
	title={Discovering R\={a}ga Motifs by Characterizing Communities in Networks of Melodic Patterns},
	booktitle = {IEEE Int. Conf. on Acoustics, Speech and Signal Processing (ICASSP)},  
	author={Gulati, S. and Serr{\`a}, J. and Ishwar, V. and Serra, X.},
	year = {2016},
	pages = {286--290},
	address = {Shanghai, China}
}

@inproceedings {gulati_ICASSP2015,
	title = {An evaluation of methodologies for melodic similarity in audio recordings of {{I}}ndian art music},
	booktitle = {IEEE Int. Conf. on Acoustics, Speech and Signal Processing (ICASSP)},
	year = {2015},
	pages = {678--682},
	author = {Gulati, S. and Serr{\`a}, J. and Serra, X.},
	address = {Brisbane, Australia}
}


@inproceedings {gulati_ISMIR_2015,
	title = {Improving Melodic Similarity in {{I}}ndian Art Music Using culture-Specific Melodic Characteristics},
	booktitle = {Int. Soc. for Music Information Retrieval Conf. (ISMIR)},
	pages = {680--686},
	year = {2015},
	author = {Gulati, S. and Serr{\`a}, J. and Serra, X.},
	address = {Spain}
}


@inproceedings {ragawise,
	title = {A Lightweight Real-time \Gls{raga} Recognition System for {I}ndian Art Music},
	booktitle = {Late-Breaking Demo Session of Int. Soc. for Music Information Retrieval Conf. (ISMIR) },
	year = {2015},
	author = {Gulati, S. and Ganguli, K.~K. and Gupta, S. and Srinivasamurthy, A. and Serra, X.},
	address = {Malaga, Spain}
}


@inproceedings {gulati_SITIS_2014,
	title = {Mining Melodic Patterns in Large Audio Collections of {{I}}ndian Art Music},
	booktitle = {Int. Conf. on Signal Image Technology \& Internet Based Systems (SITIS-MIRA)},
	year = {2014},
	pages = {264--271},
	keywords = {Indian art music, melodic analysis, motifs, Pattern discovery, Time series},
	author = {Gulati, S. and Serr{\`a}, J. and Ishwar, V. and Serra, X.},
	address = {Morocco}
}


@inproceedings {gulati2014Landmark,
	title = {Landmark Detection in {{H}}industani Music Melodies},
	booktitle = {International Computer Music Conference, Sound and Music Computing Conference},
	year = {2014},
	address = {Athens, Greece},
	pages={1062--1068},
	author = {Gulati, S. and Serr{\`a}, J. and Ganguli, K.~K. and Serra, X.}
}

@Article{Gulati2014Tonic,
	Title                    = {{Automatic tonic identification in {I}ndian art music: approaches and evaluation}},
	Author                   = {Gulati, S. and Bellur, A. and Salamon, J. and Ranjani, H.~G. and Ishwar, V. and Murthy, H.~A. and Serra, X.},
	Journal                  = {Journal of New Music Research},
	Year                     = {2014},
	Number                   = {1},
	Pages                    = {53--71},
	Volume                   = {43}
}

@inproceedings{gulati2012two,
	title={A two-stage approach for tonic identification in Indian art music},
	author={Gulati, S. and Salamon, J. and Serra, X.},
	booktitle={Proc. of the 2nd CompMusic Workshop},
	pages = {119--127},
	year = {2012},
	organization={Universitat Pompeu Fabra},
	address = {Istanbul, Turkey}
}

@incollection{gulati2012meter,
	title={Meter detection from audio for {I}ndian music},
	author={Gulati, S. and Rao, V. and Rao, P.},
	booktitle={Speech, Sound and Music Processing: Embracing Research in India},
	pages={34--43},
	year={2012},
	publisher={Springer}
}

@inproceedings{gulati2010rhythm,
	title={Rhythm pattern representations for tempo detection in music},
	author={Gulati, S. and Rao, P.},
	booktitle={Proc. of the First International Conference on Intelligent Interactive Technologies and Multimedia},
	pages={241--244},
	year={2010},
	organization={ACM}
}


@inproceedings{kini_genre_2011, 
	author={Kini, S. and Gulati, S. and Rao, P.}, 
	booktitle={National Conference on Communications (NCC)}, 
	title={Automatic genre classification of North {I}ndian devotional music}, 
	year={2011}, 
	pages={1-5}
	}

% As non-first author

@inproceedings {CM_Corpora_Ajay14,
	title = {Corpora for Music Information Research in {{I}}ndian Art Music},
	booktitle = {Int. Computer Music Conf./Sound and Music Computing Conf.},
	year = {2014},
	pages = {1029--1036},
	address = {Athens, Greece},
	author = {Srinivasamurthy, A. and Koduri, G. K. and Gulati, S. and Ishwar, V. and Serra, X.}
}


@inproceedings{essentia,
  Title                    = {ESSENTIA: an audio analysis library for music information retrieval},
  Author                   = {Bogdanov, D. and Wack, N. and G{\'o}mez, E. and Gulati, S. and Herrera, P. and Mayor, O. and Roma, G. and Salamon, J. and Zapata, J. and Serra, X.},
  Booktitle                = {Proc. of Int. Soc. for Music Information Retrieval Conf. (ISMIR)},
  Year                     = {2013},
  Pages                    = {493--498}
}

@inproceedings{bogdanov2013essentia,
	title={ESSENTIA: an open-source library for sound and music analysis},
	Author= {Bogdanov, D. and Wack, N. and G{\'o}mez, E. and Gulati, S. and Herrera, P. and Mayor, O. and Roma, G. and Salamon, J. and Zapata, J. and Serra, X.},
	booktitle={Proc. of the 21st ACM international conference on Multimedia},
	pages={855--858},
	year={2013},
	organization={ACM}
}

@inproceedings{senturk2013score,
	title={Score Informed Tonic Identification for Makam Music of Turkey.},
	author={\c{S}ent{\"u}rk, S. and Gulati, S. and Serra, X.},
	booktitle={Proc. of Int. Soc. for Music Information Retrieval Conf. (ISMIR)},
	pages={175--180},
	address={Curitiba, Brazil},
	year={2013}
}

@inproceedings{senturk2014towards,
	title={Towards alignment of score and audio recordings of ottoman-turkish makam music},
	author={\c{S}ent{\"u}rk, S. and Gulati, S. and Serra, X.},
	booktitle={4th International Workshop on Folk Music Analysis},
	address = {Istanbul, Turkey},
	volume={6},
	year={2014}
}

@article{koduri2012raga,
	title={R{\=a}ga recognition based on pitch distribution methods},
	author={Koduri, G.~K. and Gulati, S. and Rao, P. and Serra, X.},
	journal={Journal of New Music Research},
	volume={41},
	number={4},
	pages={337--350},
	year={2012},
	publisher={Taylor \& Francis}
}

@inproceedings{salamon2012multipitch,
	title={A Multipitch Approach to Tonic Identification in {I}ndian Classical Music},
	author={Salamon, J. and Gulati, S. and Serra, X.},
	booktitle={Proc. of Int. Soc. for Music Information Retrieval Conf. (ISMIR)},
	pages = {499--504},
	year={2012},
	address={Porto, Portugal}
	
}


@inproceedings{koduri2011survey,
	title={A survey of raaga recognition techniques and improvements to the state-of-the-art},
	author={Koduri, G.~K. and Gulati, S. and Rao, P.},
	booktitle={Sound and Music Computing},
	year={2011}
}

@inproceedings{sordo2012musically,
	title={A musically aware system for browsing and interacting with audio music collections},
	author={Sordo, M. and Koduri, G.~K. and \c{S}ent{\"u}rk, S. and Gulati, S. and Serra, X.},
	booktitle={Proceedings of the 2nd CompMusic Workshop},
	address = {Istanbul, Turkey},
	year={2012},
	organization={Universitat Pompeu Fabra}
}

%Thesis

@MastersThesis{SGulati_MThesis2012,
	Title                    = {A tonic identification approach for {I}ndian art music},
	Author                   = {Gulati, S.},
	School                   = {{Music Technology Group, Universitat Pompeu Fabra, Barcelona, Spain}},
	Year                     = {2012},
	Type                     = {Master's thesis}
}


