@inproceedings{bogdanov2013essentia,
	title={ESSENTIA: an open-source library for sound and music analysis},
	Author= {Bogdanov, D. and Wack, N. and G{\'o}mez, E. and Gulati, S. and Herrera, P. and Mayor, O. and Roma, G. and Salamon, J. and Zapata, J. and Serra, X.},
	booktitle={Proc. of the 21st ACM international conference on Multimedia},
	pages={855--858},
	year={2013},
	organization={ACM}
}
