@inproceedings {CM_Corpora_Ajay14,
	title = {Corpora for Music Information Research in {{I}}ndian Art Music},
	booktitle = {Int. Computer Music Conf./Sound and Music Computing Conf.},
	year = {2014},
	pages = {1029--1036},
	address = {Athens, Greece},
	author = {Srinivasamurthy, A. and Koduri, G. K. and Gulati, S. and Ishwar, V. and Serra, X.}
}