@inproceedings{essentia,
  Title                    = {ESSENTIA: an audio analysis library for music information retrieval},
  Author                   = {Bogdanov, D. and Wack, N. and G{\'o}mez, E. and Gulati, S. and Herrera, P. and Mayor, O. and Roma, G. and Salamon, J. and Zapata, J. and Serra, X.},
  Booktitle                = {Proc. of Int. Soc. for Music Information Retrieval Conf. (ISMIR)},
  Year                     = {2013},
  Pages                    = {493--498}
}