@inproceedings {gulati2014Landmark,
	title = {Landmark Detection in {{H}}industani Music Melodies},
	booktitle = {International Computer Music Conference, Sound and Music Computing Conference},
	year = {2014},
	address = {Athens, Greece},
	pages={1062--1068},
	author = {Gulati, S. and Serr{\`a}, J. and Ganguli, K.~K. and Serra, X.}
}