@incollection{gulati2012meter,
	title={Meter detection from audio for {I}ndian music},
	author={Gulati, S. and Rao, V. and Rao, P.},
	booktitle={Speech, Sound and Music Processing: Embracing Research in India},
	pages={34--43},
	year={2012},
	publisher={Springer}
}