@inproceedings{gulati2012two,
	title={A two-stage approach for tonic identification in Indian art music},
	author={Gulati, S. and Salamon, J. and Serra, X.},
	booktitle={Proc. of the 2nd CompMusic Workshop},
	pages = {119--127},
	year = {2012},
	organization={Universitat Pompeu Fabra},
	address = {Istanbul, Turkey}
}