@inproceedings {gulati_SITIS_2014,
	title = {Mining Melodic Patterns in Large Audio Collections of {{I}}ndian Art Music},
	booktitle = {Int. Conf. on Signal Image Technology \& Internet Based Systems (SITIS-MIRA)},
	year = {2014},
	pages = {264--271},
	keywords = {Indian art music, melodic analysis, motifs, Pattern discovery, Time series},
	author = {Gulati, S. and Serr{\`a}, J. and Ishwar, V. and Serra, X.},
	address = {Morocco}
}