@Article{Gulati2014Tonic,
	Title                    = {{Automatic tonic identification in {I}ndian art music: approaches and evaluation}},
	Author                   = {Gulati, S. and Bellur, A. and Salamon, J. and Ranjani, H.~G. and Ishwar, V. and Murthy, H.~A. and Serra, X.},
	Journal                  = {Journal of New Music Research},
	Year                     = {2014},
	Number                   = {1},
	Pages                    = {53--71},
	Volume                   = {43}
}