@inproceedings {gulati_tdms_2016,
	title = {Time-delayed Melody Surfaces for R\={a}ga Recognition},
	booktitle = {Int. Soc. for Music Information Retrieval Conf. (ISMIR)},
	pages = {751--757},
	year = {2016},
	author = {Gulati, S. and Serr{\`a}, J. and Ganguli, K.~K. and \c{S}ent{\"u}rk, S. and Serra, X.},
	address = {New York, USA}
}