@inproceedings {gulati_ISMIR_2015,
	title = {Improving Melodic Similarity in {{I}}ndian Art Music Using culture-Specific Melodic Characteristics},
	booktitle = {Int. Soc. for Music Information Retrieval Conf. (ISMIR)},
	pages = {680--686},
	year = {2015},
	author = {Gulati, S. and Serr{\`a}, J. and Serra, X.},
	address = {Spain}
}