@inproceedings{gulati_communities_2016,
	title={Discovering R\={a}ga Motifs by Characterizing Communities in Networks of Melodic Patterns},
	booktitle = {IEEE Int. Conf. on Acoustics, Speech and Signal Processing (ICASSP)},  
	author={Gulati, S. and Serr{\`a}, J. and Ishwar, V. and Serra, X.},
	year = {2016},
	pages = {286--290},
	address = {Shanghai, China}
}