@inproceedings{gulatiphrase_2016,
	title={Phrase-Based R\={a}ga recognition using Vector Space Modeling},
	booktitle = {IEEE Int. Conf. on Acoustics, Speech and Signal Processing (ICASSP)},  
	author={Gulati, S. and Serr{\`a}, J. and Ishwar, V. and \c{S}ent{\"u}rk, S. and Serra, X.},
	year = {2016},
	pages = {66--70},
	address = {Shanghai, China}
}