@inproceedings {gulati_ICASSP2015,
	title = {An evaluation of methodologies for melodic similarity in audio recordings of {{I}}ndian art music},
	booktitle = {IEEE Int. Conf. on Acoustics, Speech and Signal Processing (ICASSP)},
	year = {2015},
	pages = {678--682},
	author = {Gulati, S. and Serr{\`a}, J. and Serra, X.},
	address = {Brisbane, Australia}
}