@inproceedings{gulati2010rhythm,
	title={Rhythm pattern representations for tempo detection in music},
	author={Gulati, S. and Rao, P.},
	booktitle={Proc. of the First International Conference on Intelligent Interactive Technologies and Multimedia},
	pages={241--244},
	year={2010},
	organization={ACM}
}