@inproceedings {kaustuv_ismir_2016,
	title = {Data-driven Exploration of Melodic Structures in {H}industani music},
	booktitle = {Int. Soc. for Music Information Retrieval Conf. (ISMIR)},
	pages = {605--611},
	year = {2016},
	author = {Ganguli, K.~K. and Gulati, S. and Serra, X. and Rao, P.},
	address = {New York, USA}
}