@inproceedings{kini_genre_2011, 
	author={Kini, S. and Gulati, S. and Rao, P.}, 
	booktitle={National Conference on Communications (NCC)}, 
	title={Automatic genre classification of North {I}ndian devotional music}, 
	year={2011}, 
	pages={1-5}
	}