@inproceedings {ragawise,
	title = {A Lightweight Real-time \Gls{raga} Recognition System for {I}ndian Art Music},
	booktitle = {Late-Breaking Demo Session of Int. Soc. for Music Information Retrieval Conf. (ISMIR) },
	year = {2015},
	author = {Gulati, S. and Ganguli, K.~K. and Gupta, S. and Srinivasamurthy, A. and Serra, X.},
	address = {Malaga, Spain}
}