@inproceedings{salamon2012multipitch,
	title={A Multipitch Approach to Tonic Identification in {I}ndian Classical Music},
	author={Salamon, J. and Gulati, S. and Serra, X.},
	booktitle={Proc. of Int. Soc. for Music Information Retrieval Conf. (ISMIR)},
	pages = {499--504},
	year={2012},
	address={Porto, Portugal}	
}