@inproceedings{senturk2013score,
	title={Score Informed Tonic Identification for Makam Music of Turkey.},
	author={\c{S}ent{\"u}rk, S. and Gulati, S. and Serra, X.},
	booktitle={Proc. of Int. Soc. for Music Information Retrieval Conf. (ISMIR)},
	pages={175--180},
	address={Curitiba, Brazil},
	year={2013}
}