@MastersThesis{SGulati_MThesis2012,
	Title                    = {A tonic identification approach for {I}ndian art music},
	Author                   = {Gulati, S.},
	School                   = {{Music Technology Group, Universitat Pompeu Fabra, Barcelona, Spain}},
	Year                     = {2012},
	Type                     = {Master's thesis}
}